exchange,symbol,timestamp,local_timestamp,ask_amount,ask_price,bid_price,bid_amount
hyperliquid,@166,1754006399999000,1754006400170688,14680.11,0.99963,0.99955,67845.54
hyperliquid,@166,1754006400415000,1754006402812359,14680.11,0.99963,0.99955,67844.89
hyperliquid,@166,1754006411937000,1754006412597510,14680.11,0.99963,0.99955,67829.89
hyperliquid,@166,1754006416215000,1754006416426252,14680.11,0.99963,0.99955,67809.1
hyperliquid,@166,1754006418416000,1754006418594604,9027.06,0.99963,0.99955,67809.1
hyperliquid,@166,1754006418971000,1754006419218766,7267.97,0.99963,0.99955,67809.1
hyperliquid,@166,1754006419544000,1754006419755938,4140.9,0.99963,0.99955,67809.1
hyperliquid,@166,1754006424484000,1754006424737272,4120.5,0.99963,0.99955,67809.1
hyperliquid,@166,1754006425509000,1754006425670875,4120.5,0.99963,0.99955,63487.14
hyperliquid,@166,1754006427723000,1754006428074205,4120.5,0.99963,0.99955,59823.21
hyperliquid,@166,1754006428227000,1754006428434279,4120.5,0.99963,0.99955,58995.13
hyperliquid,@166,1754006428760000,1754006428999636,3916.45,0.99963,0.99955,56545.76
hyperliquid,@166,1754006429875000,1754006430185872,3916.45,0.99963,0.99955,56530.76
hyperliquid,@166,1754006438657000,1754006438879142,3712.36,0.99963,0.99955,56530.76
hyperliquid,@166,1754006441805000,1754006442019782,3712.36,0.99963,0.99955,49182.61
hyperliquid,@166,1754006443354000,1754006443575343,3712.36,0.99963,0.99955,49167.61
hyperliquid,@166,1754006443933000,1754006444101868,3712.36,0.99963,0.99955,46719.52
hyperliquid,@166,1754006446049000,1754006446578039,3712.36,0.99963,0.99955,46698.73
hyperliquid,@166,1754006446614000,1754006447156548,3712.36,0.99963,0.99955,46683.73
hyperliquid,@166,1754006449285000,1754006449508247,3712.36,0.99963,0.99955,46602.1
hyperliquid,@166,1754006456858000,1754006457114408,3671.54,0.99963,0.99955,46602.1
hyperliquid,@166,1754006459623000,1754006459876780,3671.54,0.99963,0.9993,1627.1
hyperliquid,@166,1754006460158000,1754006460458474,3671.54,0.99963,0.99932,15008.02
hyperliquid,@166,1754006460716000,1754006460963661,3671.54,0.99963,0.99933,15007.95
hyperliquid,@166,1754006461342000,1754006461832337,359,0.99962,0.99933,15366.95
hyperliquid,@166,1754006461775000,1754006462059148,559,0.99962,0.99934,15007.87
hyperliquid,@166,1754006462855000,1754006463199093,559,0.99962,0.99935,15007.87
hyperliquid,@166,1754006463846000,1754006464157441,7383.92,0.99961,0.99935,15107.87
hyperliquid,@166,1754006464374000,1754006464711169,7383.92,0.99961,0.99935,15007.87
hyperliquid,@166,1754006464933000,1754006465371298,7583.92,0.9996,0.99935,15007.87
hyperliquid,@166,1754006475486000,1754006475917094,7583.92,0.9996,0.99935,12966.57
hyperliquid,@166,1754006476077000,1754006476353378,7583.92,0.9996,0.99935,12945.78
hyperliquid,@166,1754006476678000,1754006477034166,7583.92,0.9996,0.99935,9680.59
hyperliquid,@166,1754006477192000,1754006477433419,7583.92,0.9996,0.99935,7363.06
hyperliquid,@166,1754006477752000,1754006478007890,7583.92,0.9996,0.99935,5191.93
hyperliquid,@166,1754006506339000,1754006506543210,7583.92,0.9996,0.99935,5171.14
hyperliquid,@166,1754006536528000,1754006536725092,7583.92,0.9996,0.99935,5150.35
hyperliquid,@166,1754006566223000,1754006566507143,7583.92,0.9996,0.99935,5129.56
hyperliquid,@166,1754006589076000,1754006589456800,7583.92,0.9996,0.99935,3088.33
hyperliquid,@166,1754006596045000,1754006596278560,7583.92,0.9996,0.99935,3067.54
hyperliquid,@166,1754006607515000,1754006607782207,5505.96,0.9996,0.99935,3067.54
hyperliquid,@166,1754006626080000,1754006626424305,5505.96,0.9996,0.99935,3046.75
hyperliquid,@166,1754006640191000,1754006640406545,5375.88,0.9996,0.99935,3046.75
hyperliquid,@166,1754006654495000,1754006654654606,5375.88,0.9996,0.99935,3031.75
hyperliquid,@166,1754006656103000,1754006656355209,5375.88,0.9996,0.99935,3010.96
hyperliquid,@166,1754006663246000,1754006663536813,5375.88,0.9996,0.99935,2995.96
hyperliquid,@166,1754006666548000,1754006666706929,5375.88,0.9996,0.99935,614.21
hyperliquid,@166,1754006667146000,1754006667475000,5375.88,0.9996,0.99935,524.57
hyperliquid,@166,1754006669382000,1754006669580403,5375.88,0.9996,0.99935,509.57
hyperliquid,@166,1754006672159000,1754006672360645,5375.88,0.9996,0.99935,494.57
hyperliquid,@166,1754006686543000,1754006686730314,5375.88,0.9996,0.99935,473.78
hyperliquid,@166,1754006687089000,1754006687383487,5375.88,0.9996,0.9993,15095.84
hyperliquid,@166,1754006687671000,1754006687980893,5375.88,0.9996,0.9993,14295.84
hyperliquid,@166,1754006688275000,1754006688646731,5734.88,0.9996,0.9993,14654.84
hyperliquid,@166,1754006689873000,1754006690063824,5734.88,0.9996,0.9993,14246.86
hyperliquid,@166,1754006690398000,1754006690684883,5734.88,0.9996,0.9993,14206.03
hyperliquid,@166,1754006691494000,1754006691801352,5734.88,0.9996,0.9993,8474.41
hyperliquid,@166,1754006693063000,1754006693383839,5734.88,0.9996,0.9993,8433.59
hyperliquid,@166,1754006693581000,1754006693921526,5734.88,0.9996,0.9993,8344.37
hyperliquid,@166,1754006696251000,1754006696547093,5734.88,0.9996,0.9993,8303.57
hyperliquid,@166,1754006701710000,1754006702041401,5734.88,0.9996,0.99945,254.13
hyperliquid,@166,1754006702262000,1754006702491583,5734.88,0.9996,0.9993,7812.3
hyperliquid,@166,1754006707348000,1754006707745777,5635.35,0.9996,0.9993,7812.3
hyperliquid,@166,1754006708348000,1754006708799001,5323.22,0.9996,0.9993,7812.3
hyperliquid,@166,1754006716106000,1754006716432382,5323.22,0.9996,0.9993,7791.51
hyperliquid,@166,1754006719856000,1754006720081446,11573.22,0.9996,0.9993,7791.51
hyperliquid,@166,1754006720532000,1754006720771442,6250,0.99955,0.9993,7791.51
hyperliquid,@166,1754006721067000,1754006721478255,6450,0.99955,0.9993,7791.51
hyperliquid,@166,1754006721601000,1754006721830716,28857.53,0.99954,0.9993,7791.51
hyperliquid,@166,1754006722182000,1754006722493067,29057.53,0.99954,0.9993,7791.51
hyperliquid,@166,1754006742278000,1754006742568687,29057.53,0.99954,0.9993,5751.18
hyperliquid,@166,1754006744970000,1754006745160417,28604.99,0.99954,0.9993,5751.18
hyperliquid,@166,1754006746059000,1754006746231535,28604.99,0.99954,0.9993,5730.39
hyperliquid,@166,1754006749302000,1754006749532917,28193.46,0.99954,0.9993,5730.39
hyperliquid,@166,1754006776324000,1754006776579156,28193.46,0.99954,0.9993,5709.6
hyperliquid,@166,1754006781430000,1754006781665686,27338.41,0.99954,0.9993,5709.6
hyperliquid,@166,1754006792279000,1754006792523352,27338.41,0.99954,0.9993,5580.72
hyperliquid,@166,1754006802554000,1754006802783715,26926.91,0.99954,0.9993,5580.72
hyperliquid,@166,1754006806247000,1754006806547204,26926.91,0.99954,0.9993,5559.93
hyperliquid,@166,1754006833826000,1754006834002466,26926.91,0.99954,0.9993,564.14
hyperliquid,@166,1754006834382000,1754006834712446,26926.91,0.99954,0.99928,722.73
hyperliquid,@166,1754006834897000,1754006835074133,26926.91,0.99954,0.99927,359
hyperliquid,@166,1754006835406000,1754006835603690,26926.91,0.99954,0.99928,15008.93
hyperliquid,@166,1754006835945000,1754006836228083,26926.91,0.99954,0.99929,15108.93
hyperliquid,@166,1754006836448000,1754006836694321,26926.91,0.99954,0.99929,14988.14
hyperliquid,@166,1754006848068000,1754006848420650,26906.46,0.99954,0.99929,14988.14
hyperliquid,@166,1754006859578000,1754006860077167,26906.46,0.99954,0.99929,7694.36
hyperliquid,@166,1754006860086000,1754006860386289,26906.46,0.99954,0.99929,5650.34
hyperliquid,@166,1754006866679000,1754006867355767,26906.46,0.99954,0.99929,5629.55
hyperliquid,@166,1754006872168000,1754006872454467,26906.46,0.99954,0.99929,3585.92
hyperliquid,@166,1754006877157000,1754006877433082,26906.46,0.99954,0.99929,2768.67
hyperliquid,@166,1754006877673000,1754006877862456,26906.46,0.99954,0.99929,725.49
hyperliquid,@166,1754006878247000,1754006878442176,26906.46,0.99954,0.99926,16804.56
hyperliquid,@166,1754006878785000,1754006878980931,26906.46,0.99954,0.99926,16004.56
hyperliquid,@166,1754006879883000,1754006880255128,26906.46,0.99954,0.99926,16363.56
hyperliquid,@166,1754006884238000,1754006884563508,26906.46,0.99954,0.99926,11870.04
hyperliquid,@166,1754006894766000,1754006895090439,26906.46,0.99954,0.99926,9419.42
hyperliquid,@166,1754006895868000,1754006896199366,19493.92,0.99954,0.99926,9419.42
hyperliquid,@166,1754006896483000,1754006896828296,9610.74,0.99954,0.99926,9398.63
hyperliquid,@166,1754006897089000,1754006897292339,3236.47,0.99955,0.99926,9398.63
hyperliquid,@166,1754006898084000,1754006898447602,6202.54,0.99965,0.99926,9398.63
hyperliquid,@166,1754006898611000,1754006898821549,4097.43,0.99965,0.99926,9398.63
hyperliquid,@166,1754006899641000,1754006899812093,359,0.9996,0.99931,359
hyperliquid,@166,1754006900226000,1754006900485545,359,0.9996,0.99931,459
hyperliquid,@166,1754006911616000,1754006911890292,338.54,0.9996,0.99931,459
hyperliquid,@166,1754006914802000,1754006915015922,338.54,0.9996,0.99926,8371.75
hyperliquid,@166,1754006915326000,1754006915648411,338.54,0.9996,0.99926,7571.75
hyperliquid,@166,1754006916607000,1754006916965012,359,0.99958,0.99928,359
hyperliquid,@166,1754006917143000,1754006917572221,359,0.99958,0.99928,459
hyperliquid,@166,1754006918253000,1754006918587352,359,0.99958,0.99926,5464.87
hyperliquid,@166,1754006921163000,1754006921518646,359,0.99958,0.99926,352.06
hyperliquid,@166,1754006921701000,1754006921910019,2890.97,0.99977,0.99926,352.06
hyperliquid,@166,1754006922277000,1754006922769193,359,0.99957,0.99927,359
hyperliquid,@166,1754006923369000,1754006923554142,359,0.99957,0.99927,459
hyperliquid,@166,1754006926212000,1754006926506943,359,0.99957,0.99927,438.21
hyperliquid,@166,1754006936934000,1754006937142320,17217.85,0.99956,0.99927,438.21
hyperliquid,@166,1754006937460000,1754006937693504,17317.85,0.99956,0.99927,438.21
hyperliquid,@166,1754006939074000,1754006939369951,17676.85,0.99956,0.99927,438.21
hyperliquid,@166,1754006956475000,1754006956776203,17676.85,0.99956,0.99927,417.42
hyperliquid,@166,1754006957538000,1754006957698072,17676.85,0.99956,0.9993,18750
hyperliquid,@166,1754006958073000,1754006958330465,17676.85,0.99956,0.99935,22500
hyperliquid,@166,1754006958627000,1754006958877128,17676.85,0.99956,0.99935,22600
hyperliquid,@166,1754006959175000,1754006959397327,17676.85,0.99956,0.99936,4100
hyperliquid,@166,1754006975012000,1754006975309576,17676.85,0.99956,0.99935,19659.08
hyperliquid,@166,1754006986096000,1754006986391847,17676.85,0.99956,0.99935,19638.29
hyperliquid,@166,1754006991118000,1754006991376099,17676.85,0.99956,0.99935,11873.69
hyperliquid,@166,1754007016296000,1754007016697684,17676.85,0.99956,0.99935,11852.9
hyperliquid,@166,1754007023450000,1754007023792021,17676.85,0.99956,0.99935,8992.99
hyperliquid,@166,1754007026432000,1754007026768218,17676.85,0.99956,0.99935,6542
hyperliquid,@166,1754007026867000,1754007027110545,17676.85,0.99956,0.99935,825.04
hyperliquid,@166,1754007027904000,1754007028110726,17676.85,0.99956,0.99934,3317.95
hyperliquid,@166,1754007033979000,1754007034342160,17676.85,0.99956,0.99934,461.09
hyperliquid,@166,1754007034520000,1754007034914954,17676.85,0.99956,0.99933,4712.38
hyperliquid,@166,1754007035602000,1754007035910872,17676.85,0.99956,0.99934,100
hyperliquid,@166,1754007036269000,1754007036737463,17676.85,0.99956,0.99932,3083.17
hyperliquid,@166,1754007036782000,1754007037130796,17676.85,0.99956,0.9993,19063.71
hyperliquid,@166,1754007038362000,1754007038635693,17676.85,0.99956,0.9993,18247.58
hyperliquid,@166,1754007038866000,1754007039093693,17676.85,0.99956,0.9993,6691.61
hyperliquid,@166,1754007042956000,1754007043311014,17676.85,0.99956,0.99925,19494.03
hyperliquid,@166,1754007043329000,1754007043695453,17676.85,0.99956,0.99918,257.42
hyperliquid,@166,1754007044919000,1754007045257810,359,0.99952,0.99921,310.56
hyperliquid,@166,1754007046010000,1754007046307317,359,0.99952,0.99921,289.77
hyperliquid,@166,1754007046708000,1754007047085848,359,0.99952,0.99919,14793.62
hyperliquid,@166,1754007047176000,1754007047425918,359,0.99952,0.99918,1057.42
hyperliquid,@166,1754007047627000,1754007047999498,359,0.9995,0.99921,359
hyperliquid,@166,1754007048187000,1754007048549464,359,0.9995,0.99918,227.94
hyperliquid,@166,1754007048766000,1754007049038373,359,0.9995,0.99921,100
hyperliquid,@166,1754007049280000,1754007049561888,47452.66,0.99949,0.99917,800
hyperliquid,@166,1754007049816000,1754007050047642,47652.66,0.99949,0.99915,11609
hyperliquid,@166,1754007050977000,1754007051230392,359,0.99947,0.99917,359
hyperliquid,@166,1754007051544000,1754007052048207,359,0.99947,0.99917,459
hyperliquid,@166,1754007052687000,1754007052961483,47452.66,0.99946,0.99917,459
hyperliquid,@166,1754007053257000,1754007053613597,47652.66,0.99946,0.99917,359
hyperliquid,@166,1754007053783000,1754007054090727,47652.66,0.99946,0.99917,338.63
hyperliquid,@166,1754007055942000,1754007056363351,48011.66,0.99946,0.99917,338.63
hyperliquid,@166,1754007065144000,1754007065410741,48011.66,0.99946,0.99916,290.42
hyperliquid,@166,1754007065738000,1754007066100109,48011.66,0.99946,0.99916,208.98
hyperliquid,@166,1754007068531000,1754007068826296,48011.66,0.99946,0.99916,188.62
hyperliquid,@166,1754007073989000,1754007074273369,48011.66,0.99946,0.99918,5004.1
hyperliquid,@166,1754007075066000,1754007075478461,48011.66,0.99946,0.99915,9883.03
hyperliquid,@166,1754007075466000,1754007075904450,48011.66,0.99946,0.99918,100
hyperliquid,@166,1754007075972000,1754007076215243,48011.66,0.99946,0.99915,3459.12
hyperliquid,@166,1754007076584000,1754007076984807,48011.66,0.99946,0.99915,3438.33
hyperliquid,@166,1754007077201000,1754007077650941,48011.66,0.99946,0.99915,14688.33
hyperliquid,@166,1754007078126000,1754007078564948,48011.66,0.99946,0.9991,3246.49
hyperliquid,@166,1754007079173000,1754007079529601,359,0.99945,0.99907,148.67
hyperliquid,@166,1754007079770000,1754007079985583,359,0.99945,0.99907,948.67
hyperliquid,@166,1754007080271000,1754007080460930,47452.66,0.99944,0.99905,157716.16
hyperliquid,@166,1754007080812000,1754007081348826,47652.66,0.99944,0.99906,15011.33
hyperliquid,@166,1754007081955000,1754007082256066,359,0.9994,0.9991,359
hyperliquid,@166,1754007083591000,1754007083900881,359,0.9994,0.9991,318.28
hyperliquid,@166,1754007084103000,1754007084388191,47652.66,0.99939,0.9991,318.28
hyperliquid,@166,1754007085125000,1754007085448869,47652.66,0.99939,0.9991,114.7
hyperliquid,@166,1754007087331000,1754007087522123,48011.66,0.99939,0.9991,114.7
hyperliquid,@166,1754007090100000,1754007090485173,48011.66,0.99939,0.99909,107.47
hyperliquid,@166,1754007090621000,1754007090922235,48011.66,0.99939,0.99909,26.09
hyperliquid,@166,1754007091697000,1754007092096686,48011.66,0.99939,0.99908,344.4
hyperliquid,@166,1754007093300000,1754007093680581,48011.66,0.99939,0.99906,1048.44
hyperliquid,@166,1754007093950000,1754007094222754,48011.66,0.99939,0.99906,248.44
hyperliquid,@166,1754007094414000,1754007094714331,359,0.99937,0.99908,359
hyperliquid,@166,1754007094960000,1754007095150382,47652.66,0.99936,0.99908,359
hyperliquid,@166,1754007103107000,1754007103512279,47652.66,0.99936,0.9991,5004.5
hyperliquid,@166,1754007106360000,1754007106581749,47652.66,0.99936,0.9991,4946.86
hyperliquid,@166,1754007113623000,1754007113754439,47652.66,0.99936,0.9991,4910.02
hyperliquid,@166,1754007114213000,1754007114621797,47652.66,0.99936,0.9991,3690.06
hyperliquid,@166,1754007115212000,1754007115717028,47652.66,0.99936,0.9991,3601.1
hyperliquid,@166,1754007116869000,1754007117313857,47652.66,0.99936,0.99909,263.67
hyperliquid,@166,1754007117946000,1754007118246076,47652.66,0.99936,0.99905,154713.28
hyperliquid,@166,1754007119084000,1754007119414320,47652.66,0.99936,0.99905,151166.97
hyperliquid,@166,1754007119604000,1754007119818757,47652.66,0.99936,0.99905,145489.69
hyperliquid,@166,1754007120154000,1754007120568040,47652.66,0.99936,0.99905,126939.04
hyperliquid,@166,1754007120721000,1754007121129075,359,0.99935,0.99906,359
hyperliquid,@166,1754007121914000,1754007122490460,62464.59,0.99934,0.99906,359
hyperliquid,@166,1754007125085000,1754007125405702,62664.59,0.99934,0.99906,359
hyperliquid,@166,1754007126706000,1754007127024880,62664.59,0.99934,0.99906,270.11
hyperliquid,@166,1754007127214000,1754007127717873,62664.59,0.99934,0.99906,249.77
hyperliquid,@166,1754007131018000,1754007131423858,62664.59,0.99934,0.99906,46.47
hyperliquid,@166,1754007132633000,1754007132938686,62664.59,0.99934,0.99905,127263.2
hyperliquid,@166,1754007133883000,1754007134414647,62664.59,0.99934,0.99905,126978.64
hyperliquid,@166,1754007134830000,1754007135101622,62664.59,0.99934,0.99905,116136.93
hyperliquid,@166,1754007136043000,1754007136549151,62664.59,0.99934,0.99905,106964.1
hyperliquid,@166,1754007137228000,1754007138113420,63023.59,0.99934,0.99905,68000.37
hyperliquid,@166,1754007142575000,1754007142857440,63023.59,0.99934,0.99905,61513.28
hyperliquid,@166,1754007144367000,1754007144619488,63023.59,0.99934,0.99905,58269.74
hyperliquid,@166,1754007145293000,1754007145559680,63023.59,0.99934,0.99905,55837.44
hyperliquid,@166,1754007152694000,1754007152873225,63023.59,0.99934,0.99905,55653.48
hyperliquid,@166,1754007157651000,1754007157901770,63023.59,0.99934,0.99905,54031.43
hyperliquid,@166,1754007158220000,1754007158517979,63023.59,0.99934,0.99905,4195.48
hyperliquid,@166,1754007159925000,1754007160487375,63023.59,0.99934,0.99905,2575.27
hyperliquid,@166,1754007160965000,1754007161455123,63023.59,0.99934,0.99899,628.78
hyperliquid,@166,1754007161986000,1754007162199729,63023.59,0.99934,0.99905,38118.44
hyperliquid,@166,1754007162560000,1754007163138280,63023.59,0.99934,0.99905,36497.87
hyperliquid,@166,1754007163021000,1754007163413393,63023.59,0.99934,0.99905,36092.72
hyperliquid,@166,1754007164689000,1754007165055157,63023.59,0.99934,0.99905,36451.72
hyperliquid,@166,1754007166333000,1754007166697040,63023.59,0.99934,0.99905,36430.93
hyperliquid,@166,1754007167429000,1754007168140709,63023.59,0.99934,0.99905,36247.34
hyperliquid,@166,1754007173989000,1754007174329550,63023.59,0.99934,0.99905,35436.49
hyperliquid,@166,1754007174516000,1754007174889646,63023.59,0.99934,0.99905,35233.65
hyperliquid,@166,1754007181638000,1754007181916355,63023.59,0.99934,0.99905,34423.1
hyperliquid,@166,1754007183325000,1754007183709484,63023.59,0.99934,0.99905,34239.55
hyperliquid,@166,1754007186149000,1754007186768041,63023.59,0.99934,0.99905,34036.85
hyperliquid,@166,1754007196640000,1754007196946746,63023.59,0.99934,0.99905,34016.06
hyperliquid,@166,1754007222644000,1754007223057833,26603.98,0.99934,0.99905,34016.06
hyperliquid,@166,1754007226009000,1754007226487180,26603.98,0.99934,0.99905,33995.27
hyperliquid,@166,1754007232464000,1754007232651456,26603.98,0.99934,0.99905,33954.66
hyperliquid,@166,1754007244933000,1754007245271462,26603.98,0.99934,0.99905,22024.3
hyperliquid,@166,1754007247246000,1754007247639129,26603.98,0.99934,0.99905,21821.7
hyperliquid,@166,1754007255100000,1754007255429380,26603.98,0.99934,0.99905,21011.98
hyperliquid,@166,1754007256263000,1754007256500105,26603.98,0.99934,0.99905,20991.19
hyperliquid,@166,1754007257349000,1754007257576454,26603.98,0.99934,0.99905,11367.19
hyperliquid,@166,1754007258967000,1754007259383692,26603.98,0.99934,0.99905,11326.62
hyperliquid,@166,1754007261712000,1754007262017157,26603.98,0.99934,0.99905,11124.06
hyperliquid,@166,1754007265138000,1754007265468208,26603.98,0.99934,0.99905,3349.69
hyperliquid,@166,1754007267335000,1754007267637872,26603.98,0.99934,0.99905,1652.02
hyperliquid,@166,1754007269455000,1754007269767217,26603.98,0.99934,0.999,199.87
hyperliquid,@166,1754007270554000,1754007271064529,26603.98,0.99934,0.99901,15012.46
hyperliquid,@166,1754007271211000,1754007271548817,26603.98,0.99934,0.99902,12584.58
hyperliquid,@166,1754007271771000,1754007272229997,359,0.99932,0.99903,15371.38
hyperliquid,@166,1754007273446000,1754007273860791,26046.07,0.99931,0.99903,15371.38
hyperliquid,@166,1754007274060000,1754007274351069,200,0.99931,0.99903,15371.38
hyperliquid,@166,1754007275184000,1754007275458259,200,0.99931,0.99903,15168.84
hyperliquid,@166,1754007277869000,1754007278239331,200,0.99931,0.99903,14966.33
hyperliquid,@166,1754007278922000,1754007279145419,200,0.99931,0.99903,4448.44
hyperliquid,@166,1754007280092000,1754007280553621,200,0.99931,0.99903,2830.26
hyperliquid,@166,1754007281889000,1754007282123235,200,0.99931,0.99903,808.2
hyperliquid,@166,1754007284619000,1754007284954230,200,0.99931,0.99849,229.77
hyperliquid,@166,1754007285645000,1754007285832607,7066.72,0.9993,0.99904,7948.51
hyperliquid,@166,1754007286180000,1754007286452034,7066.72,0.9993,0.99904,7523.53
hyperliquid,@166,1754007286802000,1754007287154621,7066.72,0.99929,0.99905,7948.87
hyperliquid,@166,1754007287337000,1754007287807938,359,0.99906,0.99905,7948.87
hyperliquid,@166,1754007287852000,1754007288081929,7850.7,0.99906,0.99905,7948.87
hyperliquid,@166,1754007288423000,1754007288839866,8050.7,0.99906,0.99905,7948.87
hyperliquid,@166,1754007289608000,1754007289911299,8050.7,0.99906,0.99905,7314.19
hyperliquid,@166,1754007290146000,1754007290405804,8050.7,0.99906,0.99905,2869.02
hyperliquid,@166,1754007291823000,1754007292117486,188.99,0.9992,0.99905,2869.02
hyperliquid,@166,1754007294150000,1754007294547046,188.99,0.9992,0.99905,846.86
hyperliquid,@166,1754007297713000,1754007298105717,43721.84,0.99919,0.99905,846.86
hyperliquid,@166,1754007301110000,1754007301499439,43721.84,0.99919,0.99905,39.26
hyperliquid,@166,1754007310983000,1754007311270837,41248.63,0.99919,0.99905,39.26
hyperliquid,@166,1754007311594000,1754007311986844,33830.85,0.99919,0.99895,308.17
hyperliquid,@166,1754007312170000,1754007312481580,33830.85,0.99919,0.99897,359
hyperliquid,@166,1754007316104000,1754007316426768,33830.85,0.99919,0.99897,338.21
hyperliquid,@166,1754007323813000,1754007324386691,33830.85,0.99919,0.99895,5.38
hyperliquid,@166,1754007345121000,1754007345419564,33526.3,0.99919,0.99895,5.38
hyperliquid,@166,1754007346282000,1754007346615845,33526.3,0.99919,0.99894,343.59
hyperliquid,@166,1754007372824000,1754007373098339,33526.3,0.99919,0.99893,352.59
hyperliquid,@166,1754007375423000,1754007375658556,33526.3,0.99919,0.99884,348.22
hyperliquid,@166,1754007376586000,1754007376898707,33526.3,0.99919,0.99884,327.43
hyperliquid,@166,1754007377022000,1754007377368409,359,0.99916,0.99887,359
hyperliquid,@166,1754007377536000,1754007377901438,359,0.99916,0.99888,15014.78
hyperliquid,@166,1754007379180000,1754007379496936,27939.75,0.99915,0.99888,15014.78
hyperliquid,@166,1754007380402000,1754007380673850,28139.75,0.99915,0.99888,15014.78
hyperliquid,@166,1754007406109000,1754007406419715,28139.75,0.99915,0.99888,14993.99
hyperliquid,@166,1754007406617000,1754007407046681,1999.3,0.99914,0.99888,14993.99
hyperliquid,@166,1754007407658000,1754007407916790,19068.1,0.99913,0.99888,14993.99
hyperliquid,@166,1754007408884000,1754007409360871,19268.1,0.99913,0.99888,14993.99
hyperliquid,@166,1754007410000000,1754007410400724,12732.56,0.99913,0.99888,14993.99
hyperliquid,@166,1754007410611000,1754007410900228,12396.46,0.99913,0.99888,14993.99
hyperliquid,@166,1754007411628000,1754007411902259,11517.05,0.99913,0.99888,14993.99
hyperliquid,@166,1754007412803000,1754007413061071,1999.3,0.99912,0.99888,14993.99
hyperliquid,@166,1754007413313000,1754007413665442,17274.24,0.99911,0.99888,14993.99
hyperliquid,@166,1754007418754000,1754007418944918,1999.3,0.9991,0.99888,14993.99
hyperliquid,@166,1754007419222000,1754007419442691,16168.81,0.99909,0.99888,14993.99
hyperliquid,@166,1754007419782000,1754007420320367,200,0.99909,0.99888,14993.99
hyperliquid,@166,1754007425295000,1754007425703273,229.07,0.99918,0.99888,14993.99
hyperliquid,@166,1754007427831000,1754007428172453,14.72,0.99922,0.99888,14993.99
hyperliquid,@166,1754007428537000,1754007428939871,171.19,0.99923,0.99888,14993.99
hyperliquid,@166,1754007428950000,1754007429249341,1999.3,0.99908,0.99888,14993.99
hyperliquid,@166,1754007429543000,1754007430060048,1175.61,0.99908,0.99888,14993.99
hyperliquid,@166,1754007430679000,1754007430888783,57.91,0.99924,0.99888,14993.99
hyperliquid,@166,1754007432287000,1754007432632864,26337.71,0.99917,0.99888,14993.99
hyperliquid,@166,1754007433918000,1754007434243667,26091.66,0.99917,0.99888,14993.99
hyperliquid,@166,1754007434380000,1754007434870683,200,0.99908,0.99888,14993.99
hyperliquid,@166,1754007435846000,1754007436099767,26089.09,0.99917,0.99888,14993.99
hyperliquid,@166,1754007436469000,1754007436834303,24961.2,0.99917,0.99888,14973.2
hyperliquid,@166,1754007438148000,1754007438729046,24725.45,0.99917,0.99888,14973.2
hyperliquid,@166,1754007438582000,1754007438837061,24522.66,0.99917,0.99888,14973.2
hyperliquid,@166,1754007440209000,1754007440501452,200,0.99907,0.99888,14973.2
hyperliquid,@166,1754007441353000,1754007441696104,12.45,0.99907,0.99888,14973.2
hyperliquid,@166,1754007442410000,1754007442746610,50008.79,0.99898,0.99888,14973.2
hyperliquid,@166,1754007442967000,1754007443261130,49821.24,0.99898,0.99888,14973.2
hyperliquid,@166,1754007443529000,1754007443960712,49818.39,0.99898,0.99888,14973.2
hyperliquid,@166,1754007444180000,1754007444566775,49026.09,0.99898,0.99888,14973.2
hyperliquid,@166,1754007445257000,1754007445709950,1175.73,0.99897,0.99888,14973.2
hyperliquid,@166,1754007446767000,1754007447214554,922.83,0.99897,0.99888,14973.2
hyperliquid,@166,1754007449489000,1754007449667835,91.95,0.99897,0.99888,14973.2
hyperliquid,@166,1754007452123000,1754007452420553,8080.95,0.99917,0.99888,14973.2
hyperliquid,@166,1754007452658000,1754007452939161,197.82,0.99931,0.99888,14973.2
hyperliquid,@166,1754007453173000,1754007453515901,105.73,0.9993,0.99888,14973.2
hyperliquid,@166,1754007453867000,1754007454083312,498.08,0.99944,0.99888,14973.2
hyperliquid,@166,1754007454927000,1754007455304009,200,0.9993,0.99888,14973.2
hyperliquid,@166,1754007458094000,1754007458514127,494.98,0.99944,0.99888,14973.2
hyperliquid,@166,1754007459192000,1754007459439475,359,0.99924,0.99894,359
hyperliquid,@166,1754007459721000,1754007460084536,359,0.99924,0.99895,15013.65
hyperliquid,@166,1754007460304000,1754007460813131,359,0.99924,0.99896,14972.08
hyperliquid,@166,1754007460768000,1754007460984098,359,0.99924,0.99897,14972
hyperliquid,@166,1754007461285000,1754007461521068,122.09,0.99929,0.99898,14971.93
hyperliquid,@166,1754007462348000,1754007462722237,122.09,0.99929,0.99899,14971.48
hyperliquid,@166,1754007463961000,1754007464163284,122.09,0.99929,0.99899,15330.48
hyperliquid,@166,1754007464648000,1754007465070262,338.2,0.99933,0.99899,15330.48
hyperliquid,@166,1754007465166000,1754007465602296,232.62,0.99935,0.99899,15330.48
hyperliquid,@166,1754007465720000,1754007466171589,344.17,0.99936,0.99899,15330.48
hyperliquid,@166,1754007466203000,1754007466479037,41.58,0.99932,0.99899,15309.69
hyperliquid,@166,1754007466816000,1754007467041456,400.58,0.99932,0.99903,359
hyperliquid,@166,1754007467289000,1754007467533200,500.06,0.99932,0.99903,459
hyperliquid,@166,1754007467813000,1754007468108108,45.45,0.99933,0.99904,14970.81
hyperliquid,@166,1754007468331000,1754007468732753,45.45,0.99933,0.99905,14991.59
hyperliquid,@166,1754007468891000,1754007469139744,45.45,0.99933,0.99906,14991.44
hyperliquid,@166,1754007469469000,1754007469869414,127.57,0.99935,0.99906,14991.44
hyperliquid,@166,1754007471569000,1754007471959453,208.92,0.99943,0.99906,14991.44
hyperliquid,@166,1754007472682000,1754007472894444,359,0.99939,0.9991,359
hyperliquid,@166,1754007473250000,1754007473516491,262.82,0.99941,0.9991,459
hyperliquid,@166,1754007473900000,1754007474185093,262.82,0.99941,0.99911,14990.39
hyperliquid,@166,1754007474889000,1754007475114470,262.82,0.99941,0.99912,14990.39
hyperliquid,@166,1754007475462000,1754007475914314,16.87,0.99943,0.99912,14990.39
hyperliquid,@166,1754007478658000,1754007478889951,359,0.99942,0.99913,359
hyperliquid,@166,1754007479161000,1754007479507510,359,0.99942,0.99914,15010.08
hyperliquid,@166,1754007482395000,1754007482816118,677.48,0.99947,0.99914,15010.08
hyperliquid,@166,1754007483447000,1754007483901181,359,0.99945,0.99916,359
hyperliquid,@166,1754007484627000,1754007484842653,359,0.99945,0.99917,15009.63
hyperliquid,@166,1754007485213000,1754007485585779,359,0.99945,0.99918,15009.63
hyperliquid,@166,1754007486979000,1754007487304892,359,0.99945,0.99919,15009.55
hyperliquid,@166,1754007488096000,1754007488485613,359,0.99945,0.99919,15109.55
hyperliquid,@166,1754007489120000,1754007489513186,940.33,0.99947,0.99919,15009.55
hyperliquid,@166,1754007492487000,1754007492866774,126.06,0.99947,0.99919,15009.55
hyperliquid,@166,1754007493539000,1754007493752999,173.12,0.99928,0.99919,15009.55
hyperliquid,@166,1754007494686000,1754007494990774,169.69,0.99928,0.99919,15009.55
hyperliquid,@166,1754007496340000,1754007496644081,169.69,0.99928,0.99919,14988.76
hyperliquid,@166,1754007498959000,1754007499258335,169.69,0.99928,0.99918,347.76
hyperliquid,@166,1754007500099000,1754007500373888,15010.35,0.99927,0.99918,347.76
hyperliquid,@166,1754007501312000,1754007501547370,13317.58,0.99927,0.99918,347.76
hyperliquid,@166,1754007502378000,1754007502669088,11901.6,0.99927,0.99918,347.76
hyperliquid,@166,1754007505131000,1754007505359424,10217.07,0.99927,0.99918,147.76
hyperliquid,@166,1754007505744000,1754007506191163,9402.41,0.99927,0.99918,147.76
hyperliquid,@166,1754007507383000,1754007507594801,8587.7,0.99927,0.99918,147.76
hyperliquid,@166,1754007510186000,1754007510493695,7327.96,0.99927,0.99918,147.76
hyperliquid,@166,1754007513313000,1754007513567876,6291.82,0.99927,0.99918,147.76
hyperliquid,@166,1754007513922000,1754007514236194,5426.82,0.99927,0.99918,147.76
hyperliquid,@166,1754007514521000,1754007514805071,4166.9,0.99927,0.99918,147.76
hyperliquid,@166,1754007514952000,1754007515209399,113.03,0.99938,0.99918,147.76
hyperliquid,@166,1754007515482000,1754007515922574,15.92,0.9994,0.99918,147.76
hyperliquid,@166,1754007516247000,1754007516687311,223.05,0.99943,0.99919,15010.8
hyperliquid,@166,1754007517556000,1754007517882488,223.05,0.99943,0.9992,15010.65
hyperliquid,@166,1754007519330000,1754007519598942,223.05,0.99943,0.99921,15010.35
hyperliquid,@166,1754007519731000,1754007520078512,223.05,0.99943,0.99922,15010.28
hyperliquid,@166,1754007520314000,1754007520587105,223.05,0.99943,0.99923,15010.2
hyperliquid,@166,1754007526265000,1754007526601175,223.05,0.99943,0.99923,14989.41
hyperliquid,@166,1754007527426000,1754007527767640,101.93,0.99944,0.99923,14989.41
hyperliquid,@166,1754007537157000,1754007537443002,260.93,0.99945,0.99923,14989.41
hyperliquid,@166,1754007537733000,1754007537971988,21.24,0.99944,0.99923,14989.41
hyperliquid,@166,1754007538377000,1754007538655224,221.24,0.99944,0.99923,14989.41
hyperliquid,@166,1754007549669000,1754007550014494,25.95,0.99946,0.99923,14989.41
hyperliquid,@166,1754007556133000,1754007556596851,25.95,0.99946,0.99923,14968.62
hyperliquid,@166,1754007557744000,1754007557959853,441.15,0.99948,0.99923,14968.62
hyperliquid,@166,1754007562635000,1754007562845517,391.15,0.99948,0.99923,14968.62
hyperliquid,@166,1754007566991000,1754007567392127,287.01,0.99952,0.99923,14968.62
hyperliquid,@166,1754007569316000,1754007569562159,359,0.9995,0.99923,14968.62
hyperliquid,@166,1754007570147000,1754007570415984,559,0.9995,0.99923,14968.62
hyperliquid,@166,1754007571223000,1754007571658793,180.99,0.99953,0.99923,14968.62
hyperliquid,@166,1754007571818000,1754007572041697,359,0.99951,0.99923,14968.62
hyperliquid,@166,1754007584748000,1754007585115521,6011.92,0.99955,0.99923,14968.62
hyperliquid,@166,1754007585836000,1754007586187945,359,0.99954,0.99924,359
hyperliquid,@166,1754007586478000,1754007586716432,359,0.99954,0.99925,15009.15
hyperliquid,@166,1754007587576000,1754007587734531,359,0.99954,0.99926,15009.15
hyperliquid,@166,1754007588256000,1754007588463579,359,0.99954,0.99927,14967.5
hyperliquid,@166,1754007588597000,1754007588803084,359,0.99954,0.99927,15067.5
hyperliquid,@166,1754007589149000,1754007589457674,359,0.99954,0.99928,14967.43
hyperliquid,@166,1754007597732000,1754007597989167,20.79,0.99953,0.99928,14967.43
hyperliquid,@166,1754007598327000,1754007598447220,120.79,0.99953,0.99928,14967.43
hyperliquid,@166,1754007600499000,1754007600629092,275.8,0.99954,0.99928,14967.43
hyperliquid,@166,1754007613487000,1754007613742581,71.76,0.99954,0.99928,14967.43
hyperliquid,@166,1754007616301000,1754007616632774,71.76,0.99954,0.99928,14946.64
hyperliquid,@166,1754007622682000,1754007623032983,21.76,0.99954,0.99928,14946.64
hyperliquid,@166,1754007626014000,1754007626310027,21.76,0.99954,0.99928,14796.64
hyperliquid,@166,1754007646284000,1754007646671779,21.76,0.99954,0.99928,14775.85
hyperliquid,@166,1754007655980000,1754007656262947,21.76,0.99954,0.99928,8246.54
hyperliquid,@166,1754007658576000,1754007658938626,6720.89,0.99953,0.99928,8246.54
hyperliquid,@166,1754007659690000,1754007659972303,6820.89,0.99953,0.99928,8246.54
hyperliquid,@166,1754007665539000,1754007665788512,6660.89,0.99953,0.99928,8246.54
hyperliquid,@166,1754007670250000,1754007670564794,6660.89,0.99953,0.99928,4170.96
hyperliquid,@166,1754007671380000,1754007671635954,6660.89,0.99953,0.99918,434.35
hyperliquid,@166,1754007673154000,1754007673612598,359,0.9995,0.99918,649.23
hyperliquid,@166,1754007674677000,1754007675136447,359,0.9995,0.99921,100
hyperliquid,@166,1754007675706000,1754007676048798,359,0.9995,0.99921,359
hyperliquid,@166,1754007676314000,1754007676522704,359,0.9995,0.99921,338.21
hyperliquid,@166,1754007706045000,1754007706349076,359,0.9995,0.99921,317.42
hyperliquid,@166,1754007715864000,1754007716121309,18.86,0.99953,0.99921,317.42
hyperliquid,@166,1754007716445000,1754007716699746,11114.41,0.99955,0.99921,317.42
hyperliquid,@166,1754007717990000,1754007718352230,359,0.99953,0.99923,359
hyperliquid,@166,1754007719603000,1754007719772733,14971.15,0.99954,0.99924,203.35
hyperliquid,@166,1754007720397000,1754007720617894,163.72,0.99954,0.99924,203.35
hyperliquid,@166,1754007721291000,1754007721667680,14807.43,0.99953,0.99924,562.35
hyperliquid,@166,1754007721812000,1754007722136587,14907.43,0.99953,0.99924,562.35
hyperliquid,@166,1754007723457000,1754007723682440,14495.84,0.99953,0.99924,562.35
hyperliquid,@166,1754007724580000,1754007724950998,14854.84,0.99953,0.99924,562.35
hyperliquid,@166,1754007725630000,1754007725840552,14814.1,0.99953,0.99924,562.35
hyperliquid,@166,1754007732889000,1754007733205440,14732.5,0.99953,0.99924,562.35
hyperliquid,@166,1754007736330000,1754007736708633,14732.5,0.99953,0.99924,541.56
hyperliquid,@166,1754007763495000,1754007763746219,14712.11,0.99953,0.99924,541.56
hyperliquid,@166,1754007765640000,1754007765856400,14712.11,0.99953,0.99924,348.32
hyperliquid,@166,1754007766184000,1754007766381051,14712.11,0.99953,0.99924,327.53
hyperliquid,@166,1754007769514000,1754007769812627,14461.99,0.99953,0.99924,327.53
hyperliquid,@166,1754007778345000,1754007778885887,14461.99,0.99953,0.99925,904.38
hyperliquid,@166,1754007779320000,1754007779605680,14461.99,0.99953,0.99925,804.38
hyperliquid,@166,1754007796416000,1754007796662097,14461.99,0.99953,0.99923,247
hyperliquid,@166,1754007798671000,1754007799043325,359,0.99952,0.99923,247
hyperliquid,@166,1754007800844000,1754007801174067,15009.38,0.99951,0.99923,247
hyperliquid,@166,1754007801444000,1754007801754704,15009.38,0.99951,0.99924,804.47
hyperliquid,@166,1754007801958000,1754007802351751,15009.38,0.99951,0.99925,804.48
hyperliquid,@166,1754007802524000,1754007802906252,15009.38,0.99951,0.99926,804.47
hyperliquid,@166,1754007803047000,1754007803414017,15009.38,0.99951,0.99927,804.47
hyperliquid,@166,1754007803630000,1754007803841845,15009.38,0.99951,0.99927,904.47
hyperliquid,@166,1754007804138000,1754007804559379,15009.38,0.99951,0.99927,804.47
hyperliquid,@166,1754007826388000,1754007826591935,15009.38,0.99951,0.99927,783.68
hyperliquid,@166,1754007856421000,1754007856805049,15009.38,0.99951,0.99927,762.89
hyperliquid,@166,1754007880665000,1754007880997132,14989.38,0.99951,0.99927,762.89
hyperliquid,@166,1754007886101000,1754007886543881,14989.38,0.99951,0.99927,742.1
hyperliquid,@166,1754007902886000,1754007903179138,14765.28,0.99951,0.99927,742.1
hyperliquid,@166,1754007908312000,1754007908488387,14745.28,0.99951,0.99927,742.1
hyperliquid,@166,1754007910942000,1754007911256665,14725.28,0.99951,0.99927,742.1
hyperliquid,@166,1754007913103000,1754007913323779,14684.87,0.99951,0.99927,742.1
hyperliquid,@166,1754007916484000,1754007916908209,14684.87,0.99951,0.99927,721.31
hyperliquid,@166,1754007935348000,1754007935668693,14684.87,0.99951,0.99923,173.51
hyperliquid,@166,1754007941141000,1754007941443711,14684.87,0.99951,0.99919,344.51
hyperliquid,@166,1754007941745000,1754007942064098,14684.87,0.99951,0.99914,9.69
hyperliquid,@166,1754007942317000,1754007942602292,14684.87,0.99951,0.99922,359
hyperliquid,@166,1754007942840000,1754007943208188,14684.87,0.99951,0.99922,459
hyperliquid,@166,1754007943960000,1754007944420565,14684.87,0.99951,0.99922,359
hyperliquid,@166,1754007946163000,1754007946435147,15043.87,0.99951,0.99922,247.46
hyperliquid,@166,1754007947298000,1754007947666362,15043.87,0.99951,0.9992,115.03
hyperliquid,@166,1754007948410000,1754007948591395,15043.87,0.99951,0.99916,227.15
hyperliquid,@166,1754007949064000,1754007949400846,359,0.9995,0.99921,359
hyperliquid,@166,1754007949584000,1754007949970369,359,0.9995,0.99921,459
hyperliquid,@166,1754007950094000,1754007950541414,359,0.9995,0.99921,199.81
hyperliquid,@166,1754007951142000,1754007951441090,359,0.9995,0.99917,14343.06
hyperliquid,@166,1754007951646000,1754007952005128,15857.59,0.99949,0.9992,184.61
hyperliquid,@166,1754007952187000,1754007952485721,15957.59,0.99949,0.9992,284.61
hyperliquid,@166,1754007952707000,1754007952981533,15957.59,0.99949,0.9992,184.61
hyperliquid,@166,1754007954292000,1754007954919196,16316.59,0.99949,0.9992,184.61
hyperliquid,@166,1754007959832000,1754007960249662,16046.71,0.99949,0.9992,184.61
hyperliquid,@166,1754007970883000,1754007971225887,13659.21,0.99949,0.9992,184.61
hyperliquid,@166,1754007971386000,1754007971567391,13159.25,0.99949,0.9992,184.61
hyperliquid,@166,1754007976367000,1754007976576775,13159.25,0.99949,0.9992,163.82
hyperliquid,@166,1754007998436000,1754007998630533,11100.67,0.99949,0.9992,163.82
hyperliquid,@166,1754007999602000,1754007999967769,10701.23,0.99949,0.9992,163.82
hyperliquid,@166,1754008006314000,1754008006569249,10701.23,0.99949,0.9992,143.03
hyperliquid,@166,1754008007891000,1754008008176703,10701.23,0.99949,0.99911,40.28
hyperliquid,@166,1754008008469000,1754008008677241,10701.23,0.99949,0.99912,15010.5
hyperliquid,@166,1754008008985000,1754008009255180,10701.23,0.99949,0.99913,15010.5
hyperliquid,@166,1754008009546000,1754008009854835,10701.23,0.99949,0.99914,15010.43
hyperliquid,@166,1754008010160000,1754008010698021,359,0.99945,0.99916,359
hyperliquid,@166,1754008010761000,1754008011007403,359,0.99945,0.99916,459
hyperliquid,@166,1754008011279000,1754008011495871,359,0.99945,0.99917,15010.43
hyperliquid,@166,1754008012890000,1754008013142126,10542.28,0.99944,0.99917,15010.43
hyperliquid,@166,1754008013492000,1754008013895578,10642.28,0.99944,0.99917,15010.43
hyperliquid,@166,1754008027265000,1754008027517165,10642.28,0.99944,0.99917,10530.85
hyperliquid,@166,1754008027927000,1754008028188713,10642.28,0.99944,0.99917,7792.93
hyperliquid,@166,1754008029590000,1754008029926506,10642.28,0.99944,0.99917,6092.81
hyperliquid,@166,1754008036205000,1754008036517535,10642.28,0.99944,0.99917,6072.02
hyperliquid,@166,1754008043595000,1754008043946749,10642.28,0.99944,0.99917,3630.52
hyperliquid,@166,1754008052389000,1754008052733291,10642.28,0.99944,0.99917,3615.52
hyperliquid,@166,1754008062576000,1754008062857895,9642.09,0.99944,0.99917,3615.52
hyperliquid,@166,1754008066385000,1754008066614955,9642.09,0.99944,0.99917,3594.73
hyperliquid,@166,1754008096443000,1754008096719475,9642.09,0.99944,0.99917,3573.94
hyperliquid,@166,1754008099730000,1754008100013427,8815.07,0.99944,0.99917,3573.94
hyperliquid,@166,1754008123334000,1754008123670629,8800.07,0.99944,0.99917,3573.94
hyperliquid,@166,1754008126073000,1754008126372352,8800.07,0.99944,0.99917,3553.15
hyperliquid,@166,1754008137535000,1754008137777931,8785.07,0.99944,0.99917,3553.15
hyperliquid,@166,1754008144043000,1754008144434938,8373.59,0.99944,0.99917,3553.15
hyperliquid,@166,1754008144599000,1754008144794587,5902.32,0.99944,0.99917,3553.15
hyperliquid,@166,1754008145775000,1754008146141748,5490.58,0.99944,0.99917,3553.15
hyperliquid,@166,1754008149206000,1754008149416311,5306.11,0.99944,0.99917,3553.15
hyperliquid,@166,1754008156289000,1754008156540503,5306.11,0.99944,0.99917,3532.36
hyperliquid,@166,1754008157868000,1754008158162495,5254.1,0.99944,0.99917,3532.36
hyperliquid,@166,1754008160086000,1754008160443779,4825.04,0.99944,0.99917,3532.36
hyperliquid,@166,1754008160608000,1754008160803794,2334.24,0.99944,0.99917,3532.36
hyperliquid,@166,1754008161144000,1754008161466803,2297.34,0.99944,0.99917,3532.36
hyperliquid,@166,1754008162252000,1754008162647223,2297.34,0.99944,0.99917,3472.59
hyperliquid,@166,1754008164890000,1754008165117421,1928.22,0.99944,0.99917,3472.59
hyperliquid,@166,1754008169146000,1754008169396164,1743.58,0.99944,0.99917,3472.59
hyperliquid,@166,1754008170691000,1754008170974880,1543.41,0.99944,0.99917,3472.59
hyperliquid,@166,1754008172813000,1754008173124127,1486.48,0.99944,0.99917,3472.59
hyperliquid,@166,1754008186422000,1754008186659845,1486.48,0.99944,0.99917,3451.8
hyperliquid,@166,1754008202133000,1754008202583156,1471.48,0.99944,0.99917,3451.8
hyperliquid,@166,1754008216419000,1754008216651750,1471.48,0.99944,0.99917,3431.01
hyperliquid,@166,1754008237132000,1754008237643161,1471.48,0.99944,0.99917,3195.27
hyperliquid,@166,1754008246387000,1754008246659340,1471.48,0.99944,0.99917,3174.48
hyperliquid,@166,1754008252971000,1754008253192038,1456.48,0.99944,0.99917,3174.48
hyperliquid,@166,1754008254629000,1754008255001177,1011.93,0.99944,0.99917,3174.48
hyperliquid,@166,1754008261783000,1754008262077539,4595.6,0.99955,0.99917,3174.48
hyperliquid,@166,1754008262337000,1754008262919716,2206.05,0.99943,0.99917,3174.48
hyperliquid,@166,1754008262896000,1754008263161460,2206.05,0.99942,0.99917,3174.48
hyperliquid,@166,1754008264042000,1754008264386618,157.51,0.99945,0.99917,3174.48
hyperliquid,@166,1754008271998000,1754008272189757,271.5,0.99946,0.99917,3174.48
hyperliquid,@166,1754008274197000,1754008274495246,271.5,0.99946,0.99917,3533.48
hyperliquid,@166,1754008275725000,1754008276055886,67.3,0.99946,0.99917,3533.48
hyperliquid,@166,1754008276287000,1754008276638734,67.3,0.99946,0.99917,3512.69
hyperliquid,@166,1754008278524000,1754008278767378,344.61,0.99947,0.99917,3512.69
hyperliquid,@166,1754008283521000,1754008283924074,344.61,0.99947,0.99917,245.37
hyperliquid,@166,1754008284069000,1754008284357133,344.61,0.99947,0.99918,15010.19
hyperliquid,@166,1754008284619000,1754008284905378,344.61,0.99947,0.99918,15110.19
hyperliquid,@166,1754008286931000,1754008287305703,344.61,0.99947,0.99918,15469.19
hyperliquid,@166,1754008291227000,1754008291443580,344.61,0.99947,0.99918,15380.23
hyperliquid,@166,1754008295475000,1754008295688800,329.61,0.99947,0.99918,15380.23
hyperliquid,@166,1754008298215000,1754008298578104,239.55,0.99947,0.99918,15380.23
hyperliquid,@166,1754008301980000,1754008302129030,189.55,0.99947,0.99918,15380.23
hyperliquid,@166,1754008306248000,1754008306597403,139.55,0.99947,0.99918,15359.44
hyperliquid,@166,1754008312288000,1754008312526267,124.55,0.99947,0.99918,15359.44
hyperliquid,@166,1754008318569000,1754008318956387,109.55,0.99947,0.99918,15359.44
hyperliquid,@166,1754008319671000,1754008319962678,12914.68,0.99946,0.99918,15359.44
hyperliquid,@166,1754008320244000,1754008320559087,13014.68,0.99946,0.99918,15359.44
hyperliquid,@166,1754008321982000,1754008322368453,12964.68,0.99946,0.99918,13317.64
hyperliquid,@166,1754008325813000,1754008326121780,12949.68,0.99946,0.99918,13317.64
hyperliquid,@166,1754008329244000,1754008329524085,12934.68,0.99946,0.99918,13317.64
hyperliquid,@166,1754008330824000,1754008331162288,12815.34,0.99946,0.99918,13317.64
hyperliquid,@166,1754008331338000,1754008331471644,11179.71,0.99946,0.99918,13317.64
hyperliquid,@166,1754008332983000,1754008333322095,11129.71,0.99946,0.99918,13317.64
hyperliquid,@166,1754008334156000,1754008334368337,11114.71,0.99946,0.99918,13317.64
hyperliquid,@166,1754008336219000,1754008336485679,11114.71,0.99946,0.99918,13296.85
hyperliquid,@166,1754008337851000,1754008338073223,11064.71,0.99946,0.99918,13296.85
hyperliquid,@166,1754008349921000,1754008350251665,11023.86,0.99946,0.99918,13296.85
hyperliquid,@166,1754008355378000,1754008355556808,11008.86,0.99946,0.99918,13296.85
hyperliquid,@166,1754008357916000,1754008358088516,10993.86,0.99946,0.99918,13296.85
hyperliquid,@166,1754008366032000,1754008366197187,10993.86,0.99946,0.99918,13276.06
hyperliquid,@166,1754008367309000,1754008367567356,10978.86,0.99946,0.99918,13276.06
hyperliquid,@166,1754008391827000,1754008392076204,10575.79,0.99946,0.99918,13276.06
hyperliquid,@166,1754008396036000,1754008396464423,10575.79,0.99946,0.99918,13255.27
hyperliquid,@166,1754008398882000,1754008399402204,10473.65,0.99946,0.99918,13255.27
hyperliquid,@166,1754008408006000,1754008408308652,10473.65,0.99946,0.99918,13240.27
hyperliquid,@166,1754008412897000,1754008413025547,10473.65,0.99946,0.99918,10817.04
hyperliquid,@166,1754008417439000,1754008417895100,10473.65,0.99946,0.99918,10802.04
hyperliquid,@166,1754008420075000,1754008420556043,10473.65,0.99946,0.99918,10787.04
hyperliquid,@166,1754008421092000,1754008421427019,10473.65,0.99946,0.99918,10378.87
hyperliquid,@166,1754008421622000,1754008421929569,10473.65,0.99946,0.99918,9262.61
hyperliquid,@166,1754008422159000,1754008422402710,10473.65,0.99946,0.9991,177.39
hyperliquid,@166,1754008423842000,1754008424565756,359,0.99943,0.99913,459
hyperliquid,@166,1754008424374000,1754008424568623,359,0.99943,0.99913,444
hyperliquid,@166,1754008425437000,1754008425764542,359,0.99943,0.99913,344
hyperliquid,@166,1754008426463000,1754008426676546,359,0.99943,0.99913,323.21
hyperliquid,@166,1754008428244000,1754008428434507,359,0.99943,0.99912,223.57
hyperliquid,@166,1754008429349000,1754008429597791,359,0.99942,0.99913,344
hyperliquid,@166,1754008430465000,1754008430661048,359,0.99942,0.99913,444
hyperliquid,@166,1754008431536000,1754008431833369,359,0.99942,0.99913,344
hyperliquid,@166,1754008432556000,1754008432715182,359,0.99942,0.99906,75.68
hyperliquid,@166,1754008434162000,1754008434726387,359,0.99938,0.99909,359
hyperliquid,@166,1754008434750000,1754008434987415,359,0.99938,0.99909,52.03
hyperliquid,@166,1754008435865000,1754008436134118,359,0.99938,0.99908,359
hyperliquid,@166,1754008436968000,1754008437253510,359,0.99938,0.99909,359
hyperliquid,@166,1754008439771000,1754008440029486,25274.16,0.99937,0.99909,359
hyperliquid,@166,1754008440320000,1754008440532840,25374.16,0.99937,0.99909,359
hyperliquid,@166,1754008448506000,1754008448862036,25374.16,0.99937,0.99909,344
hyperliquid,@166,1754008456054000,1754008456605028,25374.16,0.99937,0.99909,308.21
hyperliquid,@166,1754008459233000,1754008459845782,25374.16,0.99937,0.99909,293.21
hyperliquid,@166,1754008486289000,1754008486572280,25374.16,0.99937,0.99909,272.42
hyperliquid,@166,1754008501673000,1754008501959996,25074.15,0.99937,0.99909,272.42
hyperliquid,@166,1754008509396000,1754008509622844,24676.04,0.99937,0.99909,272.42
hyperliquid,@166,1754008516563000,1754008517026677,24676.04,0.99937,0.99909,251.63
hyperliquid,@166,1754008525412000,1754008525684318,24676.04,0.99937,0.99905,3507.48
hyperliquid,@166,1754008527012000,1754008527389118,359,0.99935,0.99906,359
hyperliquid,@166,1754008528054000,1754008528419250,359,0.99935,0.99906,459
hyperliquid,@166,1754008529211000,1754008529595297,24576.04,0.99934,0.99906,359
hyperliquid,@166,1754008529778000,1754008530095451,24576.04,0.99934,0.99905,3498.14
hyperliquid,@166,1754008530367000,1754008530581651,24676.04,0.99934,0.99905,3498.14
hyperliquid,@166,1754008532008000,1754008532215249,25035.04,0.99934,0.99905,3498.14
hyperliquid,@166,1754008543220000,1754008543461342,20505.51,0.99934,0.99905,3498.14
hyperliquid,@166,1754008546585000,1754008547008681,20505.51,0.99934,0.99905,3477.35
hyperliquid,@166,1754008557196000,1754008557497562,20094.05,0.99934,0.99905,3477.35
hyperliquid,@166,1754008557702000,1754008558070524,15151.65,0.99934,0.99905,3477.35
hyperliquid,@166,1754008559983000,1754008560287509,15151.65,0.99934,0.99906,319.63
hyperliquid,@166,1754008561059000,1754008561365008,15151.65,0.99934,0.99907,319.63
hyperliquid,@166,1754008562345000,1754008562615738,15151.65,0.99934,0.99908,319.63
hyperliquid,@166,1754008563133000,1754008563378555,15151.65,0.99934,0.99909,319.63
hyperliquid,@166,1754008564698000,1754008565010041,15151.65,0.99934,0.99909,419.63
hyperliquid,@166,1754008568069000,1754008568501362,15151.65,0.99934,0.99909,319.63
hyperliquid,@166,1754008576265000,1754008576680542,15151.65,0.99934,0.99909,298.84
hyperliquid,@166,1754008581150000,1754008581385336,14739.92,0.99934,0.99909,298.84
hyperliquid,@166,1754008583866000,1754008584301769,14327.94,0.99934,0.99909,298.84
hyperliquid,@166,1754008587242000,1754008587497344,11856.94,0.99934,0.99909,298.84
hyperliquid,@166,1754008606744000,1754008607155243,11856.94,0.99934,0.99909,278.05
hyperliquid,@166,1754008632464000,1754008632776504,11841.94,0.99934,0.99909,278.05
hyperliquid,@166,1754008636275000,1754008636573572,11841.94,0.99934,0.99909,257.26
hyperliquid,@166,1754008652484000,1754008652767952,11430.52,0.99934,0.99909,257.26
hyperliquid,@166,1754008655786000,1754008656407387,11331.19,0.99934,0.99909,257.26
hyperliquid,@166,1754008658951000,1754008659337916,8789.36,0.99934,0.99909,257.26
hyperliquid,@166,1754008660618000,1754008660868805,6079.38,0.99934,0.99909,257.26
hyperliquid,@166,1754008661689000,1754008661889518,5814.23,0.99934,0.99909,257.26
hyperliquid,@166,1754008666194000,1754008666438187,5814.23,0.99934,0.99909,236.47
hyperliquid,@166,1754008669480000,1754008669793124,5303.77,0.99934,0.99909,236.47
hyperliquid,@166,1754008672722000,1754008673082567,5222.03,0.99934,0.99909,236.47
hyperliquid,@166,1754008674991000,1754008675431432,5017.65,0.99934,0.99909,236.47
hyperliquid,@166,1754008675536000,1754008675874325,4997.21,0.99934,0.99909,236.47
hyperliquid,@166,1754008676080000,1754008676489699,4956.77,0.99934,0.99909,236.47
hyperliquid,@166,1754008689017000,1754008689729484,4545.26,0.99934,0.99909,236.47
hyperliquid,@166,1754008696019000,1754008696318262,4545.26,0.99934,0.99909,215.68
hyperliquid,@166,1754008698185000,1754008698503914,2251.78,0.99934,0.99909,215.68
hyperliquid,@166,1754008699227000,1754008699425981,2251.78,0.99934,0.99922,2926.96
hyperliquid,@166,1754008699857000,1754008700156923,2251.78,0.99934,0.99923,10429.98
hyperliquid,@166,1754008707369000,1754008707762416,1932.25,0.99934,0.99923,10429.98
hyperliquid,@166,1754008710202000,1754008710351047,1748.73,0.99934,0.99923,10429.98
hyperliquid,@166,1754008710649000,1754008710927245,1728.29,0.99934,0.99923,10429.98
hyperliquid,@166,1754008715365000,1754008715607849,1708.29,0.99934,0.99923,10429.98
hyperliquid,@166,1754008720907000,1754008721104973,1667.41,0.99934,0.99923,10429.98
hyperliquid,@166,1754008726286000,1754008726548619,1667.41,0.99934,0.99923,10409.19
hyperliquid,@166,1754008735199000,1754008735514955,1667.41,0.99934,0.99923,10394.19
hyperliquid,@166,1754008756197000,1754008756415147,1667.41,0.99934,0.99923,10373.4
hyperliquid,@166,1754008759504000,1754008759803097,373.62,0.99937,0.99923,10373.4
hyperliquid,@166,1754008760022000,1754008760385632,57.36,0.99943,0.99923,10373.4
hyperliquid,@166,1754008760569000,1754008760785044,10988.78,0.99955,0.99923,10373.4
hyperliquid,@166,1754008762268000,1754008762751443,10988.78,0.99955,0.99924,359
hyperliquid,@166,1754008762804000,1754008763112692,359,0.99954,0.99924,359
hyperliquid,@166,1754008763342000,1754008763690693,459,0.99954,0.99926,15009.15
hyperliquid,@166,1754008764387000,1754008764678813,459,0.99954,0.99927,15009.08
hyperliquid,@166,1754008764914000,1754008765174945,459,0.99954,0.99928,15009
hyperliquid,@166,1754008765509000,1754008765862066,459,0.99954,0.99929,15008.93
hyperliquid,@166,1754008766097000,1754008766302193,10629.78,0.99955,0.99929,15008.93
hyperliquid,@166,1754008766652000,1754008766867204,9811.74,0.99955,0.99929,15008.93
hyperliquid,@166,1754008767289000,1754008767567282,9721.61,0.99955,0.99929,15008.93
hyperliquid,@166,1754008768879000,1754008769116741,9701.61,0.99955,0.99929,15008.93
hyperliquid,@166,1754008771576000,1754008771806916,9681.17,0.99955,0.99929,15008.93
hyperliquid,@166,1754008773302000,1754008773565135,9579.39,0.99955,0.99929,15008.93
hyperliquid,@166,1754008777057000,1754008777556724,9167.74,0.99955,0.99929,15008.93
hyperliquid,@166,1754008778127000,1754008778413178,9147.74,0.99955,0.99929,15008.93
hyperliquid,@166,1754008786140000,1754008786426773,9147.74,0.99955,0.99929,14988.14
hyperliquid,@166,1754008786684000,1754008786990095,9127.74,0.99955,0.99929,14988.14
hyperliquid,@166,1754008787798000,1754008788044778,9086.84,0.99955,0.99929,14988.14
hyperliquid,@166,1754008791401000,1754008791698179,8882.3,0.99955,0.99929,14988.14
hyperliquid,@166,1754008791909000,1754008792095892,8841.4,0.99955,0.99929,14988.14
hyperliquid,@166,1754008795839000,1754008796141203,8739.58,0.99955,0.99929,14988.14
hyperliquid,@166,1754008797961000,1754008798262168,8698.67,0.99955,0.99929,14988.14
hyperliquid,@166,1754008799042000,1754008799369273,8637.29,0.99955,0.99929,14988.14
hyperliquid,@166,1754008799599000,1754008799768841,8432.53,0.99955,0.99929,14988.14
hyperliquid,@166,1754008800202000,1754008800564700,100,0.99954,0.99929,14988.14
hyperliquid,@166,1754008802410000,1754008802765530,79.54,0.99954,0.99929,14988.14
hyperliquid,@166,1754008803950000,1754008804118606,59.08,0.99954,0.99929,14988.14
hyperliquid,@166,1754008810829000,1754008811224059,6374.22,0.99955,0.99929,14988.14
hyperliquid,@166,1754008811337000,1754008811518956,6292.35,0.99955,0.99929,14988.14
hyperliquid,@166,1754008813568000,1754008814095441,6272.35,0.99955,0.99929,14988.14
hyperliquid,@166,1754008816253000,1754008816545366,6272.35,0.99955,0.99929,14967.35
hyperliquid,@166,1754008838894000,1754008839138249,6272.35,0.99955,0.99929,13193.55
hyperliquid,@166,1754008846395000,1754008846679562,6272.35,0.99955,0.99929,13172.76
hyperliquid,@166,1754008860006000,1754008860339856,1815.39,0.99954,0.99929,13172.76
hyperliquid,@166,1754008860579000,1754008860911414,1915.39,0.99954,0.99929,13172.76
hyperliquid,@166,1754008872077000,1754008872352991,1900.39,0.99954,0.99929,13172.76
hyperliquid,@166,1754008873127000,1754008873498710,5246.73,0.99955,0.99929,13172.76
hyperliquid,@166,1754008876252000,1754008876453818,5246.73,0.99955,0.99929,13151.97
hyperliquid,@166,1754008886018000,1754008886329556,5231.73,0.99955,0.99929,13151.97
hyperliquid,@166,1754008898276000,1754008898873947,5016.46,0.99955,0.99929,10702.57
hyperliquid,@166,1754008899357000,1754008899618442,5016.46,0.99955,0.99929,10388.39
hyperliquid,@166,1754008903821000,1754008904068253,4938.92,0.99955,0.99929,10388.39
hyperliquid,@166,1754008906534000,1754008906785164,4938.92,0.99955,0.99929,10367.6
hyperliquid,@166,1754008915385000,1754008915726096,840.43,0.99958,0.99929,10367.6
hyperliquid,@166,1754008917612000,1754008917908532,840.43,0.99958,0.99929,10726.6
hyperliquid,@166,1754008920445000,1754008920795357,2805.21,0.99957,0.99929,10726.6
hyperliquid,@166,1754008923076000,1754008923388275,2805.21,0.99957,0.99929,5830.28
hyperliquid,@166,1754008923631000,1754008924099470,2805.21,0.99957,0.99929,935.35
hyperliquid,@166,1754008924149000,1754008924492867,6250,0.99955,0.99925,124.25
hyperliquid,@166,1754008924695000,1754008924881208,6350,0.99955,0.99925,124.25
hyperliquid,@166,1754008925199000,1754008925503220,2805.21,0.99954,0.99924,106.75
hyperliquid,@166,1754008926775000,1754008927093804,3164.21,0.99954,0.99924,106.75
hyperliquid,@166,1754008936343000,1754008936638639,3164.21,0.99954,0.99924,85.96
hyperliquid,@166,1754008938288000,1754008938620557,3164.21,0.99954,0.99924,444.96
hyperliquid,@166,1754008949216000,1754008949651170,2752.9,0.99954,0.99924,444.96
hyperliquid,@166,1754008966384000,1754008966677490,2752.9,0.99954,0.99924,424.17
hyperliquid,@166,1754008980264000,1754008980611269,2752.9,0.99954,0.99925,2248.97
hyperliquid,@166,1754008981866000,1754008982019816,2752.9,0.99954,0.99926,2248.97
hyperliquid,@166,1754008982462000,1754008982831361,2752.9,0.99954,0.99927,2248.96
hyperliquid,@166,1754008983539000,1754008983874914,2752.9,0.99954,0.99924,307.77
hyperliquid,@166,1754008986835000,1754008987337876,2752.9,0.99954,0.99923,178.98
hyperliquid,@166,1754008987268000,1754008987746010,2752.9,0.99954,0.99918,1113.05
hyperliquid,@166,1754008988433000,1754008989081906,2752.9,0.99954,0.99919,15009.6
hyperliquid,@166,1754008989098000,1754008989577913,2752.9,0.99954,0.99919,10119.29
hyperliquid,@166,1754008990225000,1754008990659874,359,0.99951,0.99921,155.05
hyperliquid,@166,1754008991283000,1754008991631219,359,0.99951,0.99921,255.05
hyperliquid,@166,1754008991842000,1754008992303515,15009.6,0.9995,0.99914,1047.6
hyperliquid,@166,1754008992886000,1754008993146111,359,0.99947,0.99917,359
hyperliquid,@166,1754008993429000,1754008993651928,359,0.99947,0.99915,15271.74
hyperliquid,@166,1754008993951000,1754008994212018,359,0.99947,0.99917,100
hyperliquid,@166,1754008995032000,1754008995362278,19489.47,0.99946,0.99915,261.54
hyperliquid,@166,1754008995680000,1754008995999308,359,0.99945,0.99916,459
hyperliquid,@166,1754008996207000,1754008996456308,359,0.99945,0.99916,438.21
hyperliquid,@166,1754008996770000,1754008997012246,19489.47,0.99944,0.99916,338.21
hyperliquid,@166,1754008997304000,1754008997773799,19689.47,0.99944,0.99916,338.21
hyperliquid,@166,1754009012885000,1754009013243831,19689.47,0.99944,0.99905,128.66
hyperliquid,@166,1754009014178000,1754009014530625,19689.47,0.99944,0.99902,102.8
hyperliquid,@166,1754009015154000,1754009015436117,359,0.99939,0.9991,359
hyperliquid,@166,1754009015680000,1754009016081549,359,0.99939,0.9991,15370.03
hyperliquid,@166,1754009016210000,1754009016571220,359,0.99939,0.9991,4079.17
hyperliquid,@166,1754009016733000,1754009017032673,359,0.99939,0.9991,4179.17
hyperliquid,@166,1754009017847000,1754009018315166,19489.47,0.99938,0.99911,15011.33
hyperliquid,@166,1754009019635000,1754009019901819,19489.47,0.99938,0.99912,14990.97
hyperliquid,@166,1754009020531000,1754009020769454,19489.47,0.99938,0.99912,10998.98
hyperliquid,@166,1754009021611000,1754009021853768,19489.47,0.99938,0.99912,11098.98
hyperliquid,@166,1754009022786000,1754009023320432,19489.47,0.99938,0.99912,10998.98
hyperliquid,@166,1754009026055000,1754009026286191,19489.47,0.99938,0.99912,10978.19
hyperliquid,@166,1754009026573000,1754009026886170,19489.47,0.99938,0.99912,10937.47
hyperliquid,@166,1754009027117000,1754009027561168,19489.47,0.99938,0.99912,10849.09
hyperliquid,@166,1754009030495000,1754009030668295,19489.47,0.99938,0.99912,10767.67
hyperliquid,@166,1754009033110000,1754009033411105,19489.47,0.99938,0.99912,10726.97
hyperliquid,@166,1754009036380000,1754009036590255,19489.47,0.99938,0.99912,10706.62
hyperliquid,@166,1754009038952000,1754009039186611,19489.47,0.99938,0.99912,9892.48
hyperliquid,@166,1754009056451000,1754009056745739,19489.47,0.99938,0.99912,9871.69
hyperliquid,@166,1754009056997000,1754009057322785,19489.47,0.99938,0.99912,6617.18
hyperliquid,@166,1754009059256000,1754009059524058,19489.47,0.99938,0.99912,6556.13
hyperliquid,@166,1754009062065000,1754009062375153,19489.47,0.99938,0.99912,6535.78
hyperliquid,@166,1754009064088000,1754009064342750,19489.47,0.99938,0.99912,6515.43
hyperliquid,@166,1754009068400000,1754009068665236,19489.47,0.99938,0.99912,6474.73
hyperliquid,@166,1754009069404000,1754009069697832,19407.27,0.99938,0.99912,6474.73
hyperliquid,@166,1754009073711000,1754009073981659,19407.27,0.99938,0.99912,6271.27
hyperliquid,@166,1754009086604000,1754009086870443,19407.27,0.99938,0.99912,6250.48
hyperliquid,@166,1754009112601000,1754009112901545,9518.1,0.99938,0.99912,6250.48
hyperliquid,@166,1754009113129000,1754009113379215,9383.19,0.99938,0.99912,6250.48
hyperliquid,@166,1754009114407000,1754009114769200,9195.53,0.99938,0.99912,6250.48
hyperliquid,@166,1754009116645000,1754009116964269,9195.53,0.99938,0.99912,6229.69
hyperliquid,@166,1754009132445000,1754009132723282,9195.53,0.99938,0.99912,6141.22
hyperliquid,@166,1754009133504000,1754009133862778,9195.53,0.99938,0.99912,6052.76
hyperliquid,@166,1754009146412000,1754009146684311,9195.53,0.99938,0.99912,6031.97
hyperliquid,@166,1754009146930000,1754009147193394,9195.53,0.99938,0.99912,5995.25
hyperliquid,@166,1754009162941000,1754009163241178,9195.53,0.99938,0.99912,5961.21
hyperliquid,@166,1754009170624000,1754009170985970,9195.53,0.99938,0.99912,5924.51
hyperliquid,@166,1754009176188000,1754009176752122,9195.53,0.99938,0.99912,5903.72
hyperliquid,@166,1754009182738000,1754009183273160,9195.53,0.99938,0.99904,262.83
hyperliquid,@166,1754009184516000,1754009184953974,9195.53,0.99938,0.99902,884.52
hyperliquid,@166,1754009185076000,1754009185486251,9195.53,0.99938,0.99902,847.84
hyperliquid,@166,1754009188770000,1754009189210168,9195.53,0.99938,0.99871,285.76
hyperliquid,@166,1754009189894000,1754009190211186,9195.53,0.99938,0.99872,15014.33
hyperliquid,@166,1754009192611000,1754009193007714,9195.53,0.99938,0.99872,12150.78
hyperliquid,@166,1754009193108000,1754009193501157,9195.53,0.99938,0.99872,12061.86
hyperliquid,@166,1754009193605000,1754009193916465,9195.53,0.99938,0.99873,15014.33
hyperliquid,@166,1754009195418000,1754009195721194,9195.53,0.99938,0.99873,14977.66
hyperliquid,@166,1754009197003000,1754009197440359,9195.53,0.99938,0.99874,15014.26
hyperliquid,@166,1754009198715000,1754009199119577,9195.53,0.99938,0.99875,15014.18
hyperliquid,@166,1754009199762000,1754009200044375,9195.53,0.99938,0.99876,15014.11
hyperliquid,@166,1754009200342000,1754009200553202,9195.53,0.99938,0.99881,359
hyperliquid,@166,1754009201137000,1754009201425199,9195.53,0.99938,0.99891,359
hyperliquid,@166,1754009202648000,1754009202957684,359,0.99921,0.99892,359
hyperliquid,@166,1754009203327000,1754009203700544,359,0.99921,0.99892,15131.97
hyperliquid,@166,1754009203775000,1754009204006001,359,0.99921,0.99893,15014.03
hyperliquid,@166,1754009204921000,1754009205294152,32668.21,0.9992,0.99893,12171.48
hyperliquid,@166,1754009206001000,1754009206301943,32868.21,0.9992,0.99893,12150.69
hyperliquid,@166,1754009207091000,1754009207406083,32868.21,0.9992,0.99893,11744.3
hyperliquid,@166,1754009210266000,1754009210547887,32868.21,0.9992,0.99893,11459.9
hyperliquid,@166,1754009217974000,1754009218185763,32868.21,0.9992,0.99893,11256.79
hyperliquid,@166,1754009220279000,1754009220587147,32868.21,0.9992,0.99893,11241.79
hyperliquid,@166,1754009236205000,1754009236562519,32868.21,0.9992,0.99893,11221
hyperliquid,@166,1754009258286000,1754009258679547,1999.3,0.99919,0.99893,11221
hyperliquid,@166,1754009259589000,1754009259818726,35422.48,0.99918,0.99893,11221
hyperliquid,@166,1754009260066000,1754009260358637,35622.48,0.99918,0.99893,11221
hyperliquid,@166,1754009264544000,1754009264920215,1999.3,0.99917,0.99893,11221
hyperliquid,@166,1754009265135000,1754009265457975,29350.75,0.99916,0.99893,11221
hyperliquid,@166,1754009265743000,1754009266060303,29550.75,0.99916,0.99893,11221
hyperliquid,@166,1754009266190000,1754009266472618,29550.75,0.99916,0.99893,11200.21
hyperliquid,@166,1754009271119000,1754009271538743,1999.3,0.99915,0.99893,11200.21
hyperliquid,@166,1754009273366000,1754009273624541,23278.9,0.99914,0.99893,11200.21
hyperliquid,@166,1754009274418000,1754009274741840,23478.9,0.99914,0.99893,11200.21
hyperliquid,@166,1754009277689000,1754009277918555,1999.3,0.99913,0.99893,11200.21
hyperliquid,@166,1754009278280000,1754009278495685,17206.93,0.99912,0.99893,11200.21
hyperliquid,@166,1754009278801000,1754009279156195,200,0.99912,0.99893,11200.21
hyperliquid,@166,1754009284406000,1754009284642541,1999.3,0.99911,0.99893,11200.21
hyperliquid,@166,1754009288286000,1754009288467885,1999.3,0.99911,0.99893,11185.21
hyperliquid,@166,1754009289924000,1754009290411912,200,0.99912,0.99893,11185.21
hyperliquid,@166,1754009290475000,1754009290741931,1999.3,0.9991,0.99893,11185.21
hyperliquid,@166,1754009291020000,1754009291473566,2199.3,0.9991,0.99893,11185.21
hyperliquid,@166,1754009295864000,1754009296191512,200,0.9991,0.99893,11185.21
hyperliquid,@166,1754009296410000,1754009296675261,1999.3,0.99909,0.99893,11164.42
hyperliquid,@166,1754009301942000,1754009302388996,1999.3,0.99908,0.99893,11164.42
hyperliquid,@166,1754009303078000,1754009303469479,2199.3,0.99908,0.99893,11164.42
hyperliquid,@166,1754009307471000,1754009307794412,2199.3,0.99908,0.99893,11076.74
hyperliquid,@166,1754009308519000,1754009308901917,200,0.99908,0.99893,11076.74
hyperliquid,@166,1754009309084000,1754009309337080,200,0.99908,0.99893,10989.12
hyperliquid,@166,1754009309633000,1754009309906904,1999.3,0.99907,0.99893,10989.12
hyperliquid,@166,1754009316266000,1754009316587740,200,0.99908,0.99893,10989.12
hyperliquid,@166,1754009317931000,1754009318427010,1999.3,0.99906,0.99893,10989.12
hyperliquid,@166,1754009319565000,1754009319927135,2199.3,0.99906,0.99893,10989.12
hyperliquid,@166,1754009323984000,1754009324279287,200,0.99906,0.99893,10989.12
hyperliquid,@166,1754009324523000,1754009324827110,1999.3,0.99905,0.99893,10989.12
hyperliquid,@166,1754009325040000,1754009325419094,1754.99,0.99905,0.99893,10989.12
hyperliquid,@166,1754009326127000,1754009326428665,1754.99,0.99905,0.99893,10968.33
hyperliquid,@166,1754009330406000,1754009330613766,21.56,0.99906,0.99893,10968.33
hyperliquid,@166,1754009330957000,1754009331240329,2199.3,0.99904,0.99893,10968.33
hyperliquid,@166,1754009336333000,1754009336503910,200,0.99904,0.99893,10968.33
hyperliquid,@166,1754009336877000,1754009337065216,1999.3,0.99903,0.99893,10968.33
hyperliquid,@166,1754009342298000,1754009342735030,200,0.99904,0.99893,10968.33
hyperliquid,@166,1754009343490000,1754009343832433,1999.3,0.99902,0.99893,10968.33
hyperliquid,@166,1754009344022000,1754009344365000,2199.3,0.99902,0.99893,10968.33
hyperliquid,@166,1754009348905000,1754009349289941,200,0.99902,0.99893,10968.33
hyperliquid,@166,1754009349519000,1754009349866006,1999.3,0.99901,0.99893,10968.33
hyperliquid,@166,1754009355083000,1754009355663724,200,0.99902,0.99893,10968.33
hyperliquid,@166,1754009355632000,1754009355839731,1999.3,0.999,0.99893,10968.33
hyperliquid,@166,1754009356259000,1754009356546318,2199.3,0.999,0.99893,10947.54
hyperliquid,@166,1754009361812000,1754009362046828,200,0.999,0.99893,10947.54
hyperliquid,@166,1754009362480000,1754009362902624,1999.3,0.99899,0.99893,10947.54
hyperliquid,@166,1754009368755000,1754009369122329,200,0.999,0.99893,10947.54
hyperliquid,@166,1754009369871000,1754009370171238,1965.9,0.99898,0.99893,10947.54
hyperliquid,@166,1754009370433000,1754009370720080,2165.9,0.99898,0.99893,10947.54
hyperliquid,@166,1754009375434000,1754009375592598,200,0.99898,0.99893,10947.54
hyperliquid,@166,1754009375977000,1754009376146167,1999.3,0.99897,0.99893,10947.54
hyperliquid,@166,1754009381515000,1754009381691738,200,0.99898,0.99893,10947.54
hyperliquid,@166,1754009382037000,1754009382450142,2199.3,0.99896,0.99893,10947.54
hyperliquid,@166,1754009386366000,1754009386723827,2199.3,0.99896,0.99893,10926.75
hyperliquid,@166,1754009387484000,1754009387899376,200,0.99896,0.99893,10926.75
hyperliquid,@166,1754009389314000,1754009389542340,1999.3,0.99895,0.99893,10926.75
hyperliquid,@166,1754009391012000,1754009391531229,1999.3,0.99895,0.99893,10707.61
hyperliquid,@166,1754009391965000,1754009392431122,1999.3,0.99895,0.99893,10620.28
hyperliquid,@166,1754009394695000,1754009395172186,200,0.99896,0.99893,10620.28
hyperliquid,@166,1754009395761000,1754009396092190,1999.3,0.99894,0.99893,10620.28
hyperliquid,@166,1754009396824000,1754009397214851,2199.3,0.99894,0.99893,10620.28
hyperliquid,@166,1754009397982000,1754009398187243,2199.3,0.99894,0.99893,10214.17
hyperliquid,@166,1754009401391000,1754009401632893,2199.3,0.99894,0.99893,10180.24
hyperliquid,@166,1754009415264000,1754009415654266,200,0.99902,0.999,200.7
hyperliquid,@166,1754009416403000,1754009416807182,200,0.99902,0.999,179.91
hyperliquid,@166,1754009423038000,1754009423653953,1999.3,0.99901,0.999,179.91
hyperliquid,@166,1754009424515000,1754009424889349,1999.3,0.99901,0.99892,2396.08
hyperliquid,@166,1754009425075000,1754009425583816,1999.3,0.99901,0.99892,2271.96
hyperliquid,@166,1754009430394000,1754009430802666,1999.3,0.99901,0.99892,1471.96
hyperliquid,@166,1754009435736000,1754009436285166,1999.3,0.99901,0.99877,241.21
hyperliquid,@166,1754009436262000,1754009436701746,200,0.99902,0.99877,241.21
hyperliquid,@166,1754009437380000,1754009437714841,1999.3,0.999,0.99878,15016.66
hyperliquid,@166,1754009438221000,1754009438858129,1999.3,0.999,0.99879,15016.59
hyperliquid,@166,1754009439934000,1754009440543777,1999.3,0.999,0.99879,12989.95
hyperliquid,@166,1754009441638000,1754009442098700,1999.3,0.999,0.99879,13789.95
hyperliquid,@166,1754009443208000,1754009443714121,200,0.999,0.99879,3661.51
hyperliquid,@166,1754009444378000,1754009444714183,1999.3,0.99899,0.99879,3661.51
hyperliquid,@166,1754009444914000,1754009445130998,1999.3,0.99899,0.99879,3256.31
hyperliquid,@166,1754009445668000,1754009446150086,1999.3,0.99899,0.99879,2456.31
hyperliquid,@166,1754009446499000,1754009446845484,1999.3,0.99899,0.99879,2435.52
hyperliquid,@166,1754009450859000,1754009451204568,200,0.999,0.99879,2435.52
hyperliquid,@166,1754009451869000,1754009452309603,263.09,0.99921,0.99879,2435.52
hyperliquid,@166,1754009453529000,1754009453854261,1999.3,0.99898,0.99879,2435.52
hyperliquid,@166,1754009456828000,1754009457161749,2199.3,0.99898,0.99879,2435.52
hyperliquid,@166,1754009458537000,1754009458898634,2199.3,0.99898,0.99879,177.11
hyperliquid,@166,1754009461929000,1754009462328543,200,0.99898,0.99879,177.11
hyperliquid,@166,1754009462995000,1754009463194252,1999.3,0.99897,0.99879,177.11
hyperliquid,@166,1754009463422000,1754009463868098,1999.3,0.99897,0.99879,156.82
hyperliquid,@166,1754009463970000,1754009464335487,1999.3,0.99897,0.99879,141.82
hyperliquid,@166,1754009464536000,1754009464827874,1999.3,0.99897,0.99877,18.26
hyperliquid,@166,1754009465696000,1754009465980952,1999.3,0.99897,0.99876,57.19
hyperliquid,@166,1754009470136000,1754009470553467,200,0.99898,0.99873,120.5
hyperliquid,@166,1754009470647000,1754009470982405,200,0.99898,0.99872,1776.85
hyperliquid,@166,1754009471254000,1754009471700661,1999.3,0.99896,0.99872,1776.85
hyperliquid,@166,1754009473953000,1754009474524890,2199.3,0.99896,0.99872,1776.85
hyperliquid,@166,1754009475471000,1754009475844699,2199.3,0.99896,0.99872,1574.19
hyperliquid,@166,1754009475996000,1754009476472755,2199.3,0.99896,0.99872,1168.97
hyperliquid,@166,1754009476524000,1754009476935233,2199.3,0.99896,0.99872,1148.18
hyperliquid,@166,1754009480423000,1754009480811419,200,0.99896,0.99872,1148.18
hyperliquid,@166,1754009481377000,1754009481734196,1999.3,0.99895,0.99872,1148.18
hyperliquid,@166,1754009491718000,1754009492076870,654.51,0.99902,0.99872,1148.18
hyperliquid,@166,1754009492462000,1754009492855086,654.51,0.99902,0.99872,945.59
hyperliquid,@166,1754009496633000,1754009496989278,1138.48,0.99923,0.99872,628.16
hyperliquid,@166,1754009497220000,1754009497581919,35395.63,0.99901,0.99872,628.16
hyperliquid,@166,1754009498319000,1754009498666924,1999.3,0.99894,0.99872,628.16
hyperliquid,@166,1754009503168000,1754009503519793,2199.3,0.99894,0.99872,628.16
hyperliquid,@166,1754009503924000,1754009504493330,2199.3,0.99894,0.99871,104.46
hyperliquid,@166,1754009504570000,1754009505028504,2199.3,0.99894,0.99868,1670.09
hyperliquid,@166,1754009505657000,1754009505928155,2199.3,0.99894,0.99869,15017.87
hyperliquid,@166,1754009506183000,1754009506543295,2199.3,0.99894,0.99869,14997.08
hyperliquid,@166,1754009508437000,1754009508764138,2199.3,0.99894,0.99869,12771.53
hyperliquid,@166,1754009509890000,1754009510234054,200,0.99894,0.99869,12871.53
hyperliquid,@166,1754009510425000,1754009510847026,200,0.99894,0.99869,12423.58
hyperliquid,@166,1754009513332000,1754009513540078,200,0.99894,0.99869,12323.58
hyperliquid,@166,1754009513888000,1754009514507939,200,0.99894,0.99869,10680.6
hyperliquid,@166,1754009515201000,1754009515829056,200,0.99894,0.99869,8047.37
hyperliquid,@166,1754009515983000,1754009516369248,1999.3,0.99893,0.99869,8047.37
hyperliquid,@166,1754009517571000,1754009518004587,1999.3,0.99893,0.99869,5870.34
hyperliquid,@166,1754009522627000,1754009522984524,200,0.99894,0.99869,5870.34
hyperliquid,@166,1754009524330000,1754009524718973,1999.3,0.99892,0.99869,5870.34
hyperliquid,@166,1754009528809000,1754009528973388,2199.3,0.99892,0.99869,5870.34
hyperliquid,@166,1754009532357000,1754009532697054,200,0.99892,0.99869,5870.34
hyperliquid,@166,1754009534318000,1754009534824643,1999.3,0.99891,0.99869,5870.34
hyperliquid,@166,1754009536447000,1754009536738003,1999.3,0.99891,0.99869,5849.55
hyperliquid,@166,1754009544046000,1754009544656550,200,0.99892,0.99869,5849.55
hyperliquid,@166,1754009545678000,1754009546074264,1999.3,0.9989,0.99869,5849.55
hyperliquid,@166,1754009549442000,1754009549967066,2.99,0.99892,0.99869,5849.55
hyperliquid,@166,1754009551050000,1754009551427773,200,0.9989,0.99847,1687.87
hyperliquid,@166,1754009553953000,1754009554261406,200,0.9989,0.99843,165.27
hyperliquid,@166,1754009555491000,1754009555695011,200,0.9989,0.99848,15019.75
hyperliquid,@166,1754009556195000,1754009556562207,200,0.9989,0.99849,15020.05
hyperliquid,@166,1754009558725000,1754009559142863,1999.3,0.99889,0.99849,15020.05
hyperliquid,@166,1754009561031000,1754009561498826,1999.3,0.99889,0.9985,15019.67
hyperliquid,@166,1754009562726000,1754009563039158,1999.3,0.99889,0.9985,41636.77
hyperliquid,@166,1754009563787000,1754009564152328,1999.3,0.99889,0.9985,36792.54
hyperliquid,@166,1754009564880000,1754009565310867,200,0.9989,0.9985,34371.13
hyperliquid,@166,1754009565387000,1754009565611067,200,0.9989,0.99851,15019.67
hyperliquid,@166,1754009565914000,1754009566286574,1999.3,0.99888,0.99851,15019.67
hyperliquid,@166,1754009566444000,1754009566891271,1999.3,0.99888,0.99852,15019.52
hyperliquid,@166,1754009566963000,1754009567315026,2199.3,0.99888,0.99853,15019.6
hyperliquid,@166,1754009571943000,1754009572279393,200,0.99888,0.99853,15019.6
hyperliquid,@166,1754009572503000,1754009572717634,1999.3,0.99887,0.99853,15019.6
hyperliquid,@166,1754009578320000,1754009578646038,200,0.99888,0.99853,15019.6
hyperliquid,@166,1754009578737000,1754009578979265,1999.3,0.99886,0.99853,15019.6
hyperliquid,@166,1754009579244000,1754009579557368,2199.3,0.99886,0.99853,15019.6
hyperliquid,@166,1754009584617000,1754009585079926,2199.3,0.99886,0.99853,14211.44
hyperliquid,@166,1754009585169000,1754009585636037,2199.3,0.99886,0.99853,13403.41
hyperliquid,@166,1754009585798000,1754009586268640,200,0.99886,0.99853,13403.41
hyperliquid,@166,1754009587415000,1754009587853552,1999.3,0.99885,0.99853,13403.41
hyperliquid,@166,1754009591275000,1754009591834525,30111.05,0.99901,0.99853,13403.41
hyperliquid,@166,1754009592976000,1754009593448142,29610.38,0.99901,0.99853,13403.41
hyperliquid,@166,1754009593378000,1754009593763683,1999.3,0.999,0.99853,13403.41
hyperliquid,@166,1754009596228000,1754009596517508,1182.04,0.999,0.99853,13382.62
hyperliquid,@166,1754009597433000,1754009597832867,29136.72,0.99901,0.99853,13382.62
hyperliquid,@166,1754009598498000,1754009598822240,29136.72,0.99901,0.99885,26607.77
hyperliquid,@166,1754009599508000,1754009600114740,1999.3,0.999,0.99885,26707.77
hyperliquid,@166,1754009601309000,1754009601637218,1999.3,0.999,0.99885,26607.77
hyperliquid,@166,1754009605618000,1754009606077066,29136.72,0.99901,0.99885,26607.77
hyperliquid,@166,1754009606712000,1754009607070604,1999.3,0.99899,0.99885,26607.77
hyperliquid,@166,1754009607299000,1754009607572786,2199.3,0.99899,0.99885,26607.77
hyperliquid,@166,1754009612860000,1754009613202714,200,0.99899,0.99885,26607.77
hyperliquid,@166,1754009613517000,1754009613763277,1999.3,0.99898,0.99885,26607.77
hyperliquid,@166,1754009616951000,1754009617304271,973.47,0.99898,0.99885,26607.77
hyperliquid,@166,1754009617545000,1754009617793784,26664.87,0.99901,0.99885,26607.77
hyperliquid,@166,1754009618568000,1754009618840651,26584.15,0.99901,0.99885,26607.77
hyperliquid,@166,1754009619147000,1754009619457063,1999.3,0.999,0.99885,26607.77
hyperliquid,@166,1754009624864000,1754009625203183,25195.15,0.99901,0.99885,26607.77
hyperliquid,@166,1754009625847000,1754009626189659,1999.3,0.99899,0.99885,26607.77
hyperliquid,@166,1754009626372000,1754009626794306,1999.3,0.99899,0.99885,26384.89
hyperliquid,@166,1754009626953000,1754009627345304,2199.3,0.99899,0.99885,26384.89
hyperliquid,@166,1754009630762000,1754009631028205,1749.5,0.99899,0.99885,26384.89
hyperliquid,@166,1754009631367000,1754009631760048,200,0.99899,0.99885,26384.89
hyperliquid,@166,1754009631828000,1754009632159743,25192.91,0.99901,0.99885,26384.89
hyperliquid,@166,1754009632342000,1754009632720415,1999.3,0.99898,0.99885,26384.89
hyperliquid,@166,1754009633383000,1754009633692820,2199.3,0.99898,0.99885,26384.89
hyperliquid,@166,1754009638242000,1754009638701552,200,0.99898,0.99885,24314.89
hyperliquid,@166,1754009638841000,1754009639111197,1999.3,0.99897,0.99885,24314.89
hyperliquid,@166,1754009640207000,1754009640758489,1918.36,0.99897,0.99885,24314.89
hyperliquid,@166,1754009641663000,1754009642049678,22449.03,0.99901,0.99885,24314.89
hyperliquid,@166,1754009643306000,1754009643962259,17506.07,0.99901,0.99885,24314.89
hyperliquid,@166,1754009645966000,1754009646293625,13999.76,0.99901,0.99885,24314.89
hyperliquid,@166,1754009646567000,1754009647032669,12083.68,0.99901,0.99885,24314.89
hyperliquid,@166,1754009648357000,1754009648709315,11720.43,0.99901,0.99885,24314.89
hyperliquid,@166,1754009650391000,1754009650828034,11720.43,0.99901,0.99893,124349.32
hyperliquid,@166,1754009652899000,1754009653311077,1999.3,0.999,0.99893,124349.32
hyperliquid,@166,1754009653930000,1754009654274496,1999.3,0.999,0.99893,124449.32
hyperliquid,@166,1754009654525000,1754009654879781,1429.12,0.999,0.99893,124449.32
hyperliquid,@166,1754009655654000,1754009655972870,1379.12,0.999,0.99893,124449.32
hyperliquid,@166,1754009656067000,1754009656439930,1379.12,0.999,0.99893,124328.53
hyperliquid,@166,1754009659138000,1754009659423149,11542.62,0.99901,0.99893,124328.53
hyperliquid,@166,1754009660418000,1754009660852217,1999.3,0.99899,0.99893,124328.53
hyperliquid,@166,1754009661286000,1754009661697235,4111.9,0.99901,0.99893,124328.53
hyperliquid,@166,1754009662441000,1754009662837635,200,0.99899,0.99893,124328.53
hyperliquid,@166,1754009664073000,1754009664504744,629.91,0.99903,0.99893,124328.53
hyperliquid,@166,1754009666947000,1754009667279289,1634.69,0.99902,0.99893,124328.53
hyperliquid,@166,1754009667472000,1754009667750549,37965.23,0.99902,0.99893,124328.53
hyperliquid,@166,1754009668001000,1754009668490236,37762.53,0.99902,0.99893,124328.53
hyperliquid,@166,1754009670202000,1754009670763357,37535.96,0.99902,0.99893,124328.53
hyperliquid,@166,1754009672331000,1754009672658360,36615.13,0.99902,0.99893,124328.53
hyperliquid,@166,1754009674028000,1754009674534842,1634.49,0.99901,0.99893,124328.53
hyperliquid,@166,1754009674575000,1754009675088841,996.79,0.99901,0.99893,124328.53
hyperliquid,@166,1754009675155000,1754009675641883,315.33,0.99924,0.99893,124328.53
hyperliquid,@166,1754009675710000,1754009676022550,36306.54,0.999,0.99893,124328.53
hyperliquid,@166,1754009677340000,1754009677661814,36103.65,0.999,0.99893,124328.53
hyperliquid,@166,1754009677814000,1754009678139581,34416.2,0.999,0.99893,124328.53
hyperliquid,@166,1754009678296000,1754009678796302,32769.31,0.999,0.99893,124328.53
hyperliquid,@166,1754009678866000,1754009679314873,26913.14,0.999,0.99893,124328.53
hyperliquid,@166,1754009679986000,1754009680505882,1999.3,0.99899,0.99893,124328.53
hyperliquid,@166,1754009680621000,1754009681276288,1269.18,0.99899,0.99893,124328.53
hyperliquid,@166,1754009681097000,1754009681511282,1812.66,0.999,0.99893,124328.53
hyperliquid,@166,1754009681633000,1754009682204685,200,0.99899,0.99893,124328.53
hyperliquid,@166,1754009683970000,1754009684243788,1486.85,0.99898,0.99894,13203.05
hyperliquid,@166,1754009684636000,1754009685022079,481.43,0.99929,0.99894,13203.05
hyperliquid,@166,1754009685074000,1754009685265509,1812.66,0.99897,0.99895,13203.05
hyperliquid,@166,1754009685598000,1754009686077090,182.4,0.9993,0.99896,15013.28
hyperliquid,@166,1754009686208000,1754009686556161,182.4,0.9993,0.99896,14992.49
hyperliquid,@166,1754009687123000,1754009687494292,182.4,0.9993,0.99896,30108.1
hyperliquid,@166,1754009687687000,1754009687957633,826.78,0.99933,0.99896,30008.1
hyperliquid,@166,1754009688198000,1754009688633821,398.88,0.99935,0.99896,30008.1
hyperliquid,@166,1754009690451000,1754009691040103,208.88,0.99929,0.99898,359
hyperliquid,@166,1754009690961000,1754009691331246,208.88,0.99929,0.99899,15013.06
hyperliquid,@166,1754009692591000,1754009693056796,208.88,0.99929,0.999,15012.98
hyperliquid,@166,1754009693242000,1754009693522415,308.88,0.99929,0.999,15012.98
hyperliquid,@166,1754009693782000,1754009694559082,258.88,0.99929,0.99901,15012.91
hyperliquid,@166,1754009694898000,1754009695105188,163.11,0.99931,0.99901,15012.91
hyperliquid,@166,1754009695290000,1754009695618483,163.11,0.99931,0.99902,15012.83
hyperliquid,@166,1754009695891000,1754009696412913,163.11,0.99931,0.99902,15112.83
hyperliquid,@166,1754009696496000,1754009696844541,117.57,0.99941,0.99902,15112.83
hyperliquid,@166,1754009697593000,1754009697953955,94.45,0.9995,0.99902,15471.83
hyperliquid,@166,1754009698167000,1754009698538340,94.45,0.9995,0.99902,15371.83
hyperliquid,@166,1754009698650000,1754009699046680,1382.54,0.99953,0.99902,15371.83
hyperliquid,@166,1754009699177000,1754009699466934,1071.94,0.99953,0.99902,15371.83
hyperliquid,@166,1754009702760000,1754009703040073,8612.75,0.99952,0.99902,15371.83
hyperliquid,@166,1754009703406000,1754009704068598,8939.11,0.99915,0.99902,15371.83
hyperliquid,@166,1754009704940000,1754009705277831,8612.75,0.99914,0.99902,15371.83
hyperliquid,@166,1754009708702000,1754009709037831,7515.65,0.99914,0.99902,15371.83
hyperliquid,@166,1754009709325000,1754009709677561,7149.88,0.99914,0.99902,15371.83
hyperliquid,@166,1754009709842000,1754009710211237,6335.4,0.99914,0.99902,15371.83
hyperliquid,@166,1754009710476000,1754009711072216,843.5,0.99914,0.99902,15371.83
hyperliquid,@166,1754009714692000,1754009715098150,6066.45,0.99915,0.99902,15371.83
hyperliquid,@166,1754009715205000,1754009715636136,1354.72,0.99915,0.99902,15371.83
hyperliquid,@166,1754009715751000,1754009716361440,1216.09,0.99915,0.99902,15371.83
hyperliquid,@166,1754009716393000,1754009716795040,1216.09,0.99915,0.99902,15351.04
hyperliquid,@166,1754009721222000,1754009721632371,1028.23,0.99915,0.99902,15351.04
hyperliquid,@166,1754009722207000,1754009722596296,275.49,0.99925,0.99902,15351.04
hyperliquid,@166,1754009724279000,1754009724662683,147.1,0.99936,0.99902,15351.04
hyperliquid,@166,1754009724854000,1754009725154375,49.78,0.99938,0.99902,15351.04
hyperliquid,@166,1754009727169000,1754009727561190,311.83,0.99941,0.99902,15351.04
hyperliquid,@166,1754009729352000,1754009729745481,305.17,0.99942,0.99902,15351.04
hyperliquid,@166,1754009731011000,1754009731482495,359,0.99937,0.99908,15011.7
hyperliquid,@166,1754009732228000,1754009732591268,359,0.99937,0.99909,15011.7
hyperliquid,@166,1754009733266000,1754009733756843,66.96,0.9994,0.9991,14990.84
hyperliquid,@166,1754009734943000,1754009735300042,66.96,0.9994,0.9991,15090.84
hyperliquid,@166,1754009736087000,1754009736800509,127.5,0.99946,0.9991,15090.84
hyperliquid,@166,1754009736574000,1754009737182240,3986.63,0.99955,0.9991,15090.84
hyperliquid,@166,1754009737428000,1754009737797864,359,0.9994,0.9991,15449.84
hyperliquid,@166,1754009739344000,1754009739670202,459,0.9994,0.9991,15449.84
hyperliquid,@166,1754009745536000,1754009745889489,259.82,0.99941,0.9991,15449.84
hyperliquid,@166,1754009746158000,1754009746523059,259.82,0.99941,0.9991,15429.05
hyperliquid,@166,1754009747804000,1754009748049555,359,0.9994,0.99911,359
hyperliquid,@166,1754009748378000,1754009748671125,359,0.9994,0.99912,15011.18
hyperliquid,@166,1754009748887000,1754009749251377,359,0.9994,0.99913,15011.18
hyperliquid,@166,1754009750042000,1754009750544130,20.79,0.99939,0.99914,14990.32
hyperliquid,@166,1754009760527000,1754009761020586,176.25,0.9994,0.99914,14990.32
hyperliquid,@166,1754009773744000,1754009773969079,338.37,0.99943,0.99914,14990.32
hyperliquid,@166,1754009776351000,1754009776801296,338.37,0.99943,0.99914,14969.53
hyperliquid,@166,1754009778417000,1754009779015677,347.52,0.99946,0.99914,15328.53
hyperliquid,@166,1754009781196000,1754009781543562,359,0.99945,0.99916,359
hyperliquid,@166,1754009782947000,1754009783168504,31.26,0.99951,0.99917,15010.17
hyperliquid,@166,1754009784487000,1754009784918182,359,0.99949,0.99919,359
hyperliquid,@166,1754009785731000,1754009785956877,359,0.99949,0.99919,459
hyperliquid,@166,1754009786768000,1754009787304666,21.05,0.99948,0.9992,14988.86
hyperliquid,@166,1754009787297000,1754009787788632,21.05,0.99948,0.99921,14988.86
hyperliquid,@166,1754009787918000,1754009788270322,21.05,0.99948,0.99922,14988.86
hyperliquid,@166,1754009789059000,1754009789348670,10041.94,0.99955,0.99922,14988.86
hyperliquid,@166,1754009789997000,1754009790329251,10041.94,0.99955,0.99922,15088.86
hyperliquid,@166,1754009794527000,1754009794872009,359,0.99953,0.99924,359
hyperliquid,@166,1754009795091000,1754009795376924,359,0.99953,0.99925,15009.23
hyperliquid,@166,1754009796194000,1754009796472906,359,0.99953,0.99925,15109.23
hyperliquid,@166,1754009802184000,1754009802529262,351.45,0.99954,0.99925,15109.23
hyperliquid,@166,1754009802785000,1754009802978043,9576.53,0.99955,0.99925,15109.23
hyperliquid,@166,1754009803793000,1754009804201933,9576.53,0.99955,0.99926,359
hyperliquid,@166,1754009804320000,1754009804585994,9576.53,0.99955,0.99927,15008.93
hyperliquid,@166,1754009804920000,1754009805288819,9576.53,0.99955,0.99927,14608.82
hyperliquid,@166,1754009806456000,1754009806719871,9576.53,0.99955,0.99927,14588.03
hyperliquid,@166,1754009806988000,1754009807239495,9209.78,0.99955,0.99927,14588.03
hyperliquid,@166,1754009810341000,1754009810991644,8392.98,0.99955,0.99927,14588.03
hyperliquid,@166,1754009810923000,1754009811182806,8026.03,0.99955,0.99927,14588.03
hyperliquid,@166,1754009818571000,1754009818886778,7826.03,0.99955,0.99927,14588.03
hyperliquid,@166,1754009821164000,1754009821592598,7744.64,0.99955,0.99927,14588.03
hyperliquid,@166,1754009822947000,1754009823464878,6657.11,0.99955,0.99927,14588.03
hyperliquid,@166,1754009823997000,1754009824270046,420.9,0.99954,0.99927,14588.03
hyperliquid,@166,1754009824526000,1754009824983700,6378,0.99955,0.99927,14588.03
hyperliquid,@166,1754009829097000,1754009829393255,5560.66,0.99955,0.99927,14588.03
hyperliquid,@166,1754009830780000,1754009831051380,5660.66,0.99955,0.99927,14588.03
hyperliquid,@166,1754009833058000,1754009833396473,5610.66,0.99955,0.99927,14588.03
hyperliquid,@166,1754009836300000,1754009836651929,5610.66,0.99955,0.99927,14567.24
hyperliquid,@166,1754009838711000,1754009839407885,5560.66,0.99955,0.99927,14567.24
hyperliquid,@166,1754009858463000,1754009858812311,12717.28,0.9997,0.99927,14567.24
hyperliquid,@166,1754009859582000,1754009859916421,7366.15,0.9997,0.99927,14567.24
hyperliquid,@166,1754009860639000,1754009860844702,199301.65,0.99979,0.99927,14567.24
hyperliquid,@166,1754009861669000,1754009862003448,199301.65,0.99979,0.99934,359
hyperliquid,@166,1754009862273000,1754009862676164,199301.65,0.99979,0.99935,15006.52
hyperliquid,@166,1754009864516000,1754009864876113,199301.65,0.99979,0.99942,459
hyperliquid,@166,1754009865005000,1754009865360449,199301.65,0.99979,0.99943,14564.38
hyperliquid,@166,1754009865601000,1754009865947655,199301.65,0.99979,0.99944,14564.38
hyperliquid,@166,1754009866116000,1754009866359361,199301.65,0.99979,0.99945,14543.52
hyperliquid,@166,1754009866664000,1754009866873520,199301.65,0.99979,0.99947,359
hyperliquid,@166,1754009867772000,1754009868069471,199301.65,0.99979,0.99948,14564.02
hyperliquid,@166,1754009868326000,1754009868763675,199301.65,0.99979,0.99949,14564.02
hyperliquid,@166,1754009869377000,1754009869875600,199301.65,0.99979,0.9995,14564.02
hyperliquid,@166,1754009872855000,1754009873180702,199301.65,0.99979,0.9995,14923.02
hyperliquid,@166,1754009873950000,1754009874421666,198827.49,0.99979,0.9995,14923.02
hyperliquid,@166,1754009875110000,1754009875386101,196832.45,0.99979,0.9995,14923.02
hyperliquid,@166,1754009877243000,1754009878124333,193966.09,0.99979,0.9995,14923.02
hyperliquid,@166,1754009877752000,1754009878226276,193761.6,0.99979,0.9995,14923.02
hyperliquid,@166,1754009878934000,1754009879291883,18750,0.99975,0.9995,14923.02
hyperliquid,@166,1754009879441000,1754009879673445,18850,0.99975,0.9995,14923.02
hyperliquid,@166,1754009879949000,1754009880333381,11250,0.9997,0.9995,14923.02
hyperliquid,@166,1754009880511000,1754009880778465,11250,0.99965,0.9995,14923.02
hyperliquid,@166,1754009881040000,1754009881435184,11350,0.99965,0.9995,14923.02
hyperliquid,@166,1754009881559000,1754009882033718,6250,0.9996,0.9995,14923.02
hyperliquid,@166,1754009882132000,1754009882387385,6250,0.99955,0.9995,14923.02
hyperliquid,@166,1754009883760000,1754009884085514,41.59,0.99954,0.9995,14923.02
hyperliquid,@166,1754009884334000,1754009884710519,5349.23,0.99955,0.9995,14923.02
hyperliquid,@166,1754009885071000,1754009885350801,5449.23,0.99955,0.9995,14923.02
hyperliquid,@166,1754009886184000,1754009886506269,4929.67,0.99955,0.9995,14923.02
hyperliquid,@166,1754009887710000,1754009888205103,4929.67,0.99955,0.9995,14173.02
hyperliquid,@166,1754009888818000,1754009889137761,4725.11,0.99955,0.9995,14173.02
hyperliquid,@166,1754009889993000,1754009890342122,2367.07,0.99955,0.9995,14173.02
hyperliquid,@166,1754009890635000,1754009891062794,6680.94,0.99965,0.9995,14173.02
hyperliquid,@166,1754009893354000,1754009893730322,6405.86,0.9997,0.9995,14173.02
hyperliquid,@166,1754009896192000,1754009896609621,6405.86,0.9997,0.9995,14152.23
hyperliquid,@166,1754009896617000,1754009896971697,5585.78,0.9997,0.9995,14152.23
hyperliquid,@166,1754009897763000,1754009898134356,5405.45,0.9997,0.9995,14152.23
hyperliquid,@166,1754009899238000,1754009899500933,464.99,0.9997,0.9995,14152.23
hyperliquid,@166,1754009900321000,1754009900577272,14277.64,0.99975,0.9995,12287.18
hyperliquid,@166,1754009906696000,1754009907055481,12224.73,0.99975,0.9995,12287.18
hyperliquid,@166,1754009910648000,1754009910983651,11432.13,0.99975,0.9995,12287.18
hyperliquid,@166,1754009911184000,1754009911551644,11227.5,0.99975,0.9995,12287.18
hyperliquid,@166,1754009911755000,1754009912019095,10743.58,0.99975,0.9995,12287.18
hyperliquid,@166,1754009914085000,1754009914297009,6633.57,0.99975,0.9995,12287.18
hyperliquid,@166,1754009920511000,1754009920827362,4577.9,0.99975,0.9995,12287.18
hyperliquid,@166,1754009926005000,1754009926417767,190114.19,0.99979,0.9995,12266.39
hyperliquid,@166,1754009930812000,1754009931175287,179829.6,0.99979,0.9995,12266.39
hyperliquid,@166,1754009933489000,1754009933718605,175714.14,0.99979,0.9995,12266.39
hyperliquid,@166,1754009936199000,1754009936484140,171598.92,0.99979,0.9995,12266.39
hyperliquid,@166,1754009940232000,1754009940490283,167482.54,0.99979,0.9995,12266.39
hyperliquid,@166,1754009941815000,1754009942010999,163366.06,0.99979,0.9995,12266.39
hyperliquid,@166,1754009943981000,1754009944199924,2656.63,0.99978,0.9995,12266.39
hyperliquid,@166,1754009944506000,1754009944838142,2756.63,0.99978,0.9995,12266.39
hyperliquid,@166,1754009945109000,1754009945532876,2656.63,0.99978,0.9995,12266.39
hyperliquid,@166,1754009956119000,1754009956397242,2656.63,0.99978,0.9995,12245.6
hyperliquid,@166,1754009966377000,1754009966656354,161904.93,0.99979,0.9995,12245.6
hyperliquid,@166,1754009966904000,1754009967165883,159845.57,0.99979,0.9995,12245.6
hyperliquid,@166,1754009967507000,1754009967758417,158845.07,0.99979,0.9995,12245.6
hyperliquid,@166,1754009967958000,1754009968473882,156571.46,0.99979,0.9995,12245.6
hyperliquid,@166,1754009969651000,1754009970008597,152453.2,0.99979,0.9995,12245.6
hyperliquid,@166,1754009975102000,1754009975508867,150393.32,0.99979,0.9995,12245.6
hyperliquid,@166,1754009976268000,1754009976581399,138032.13,0.99979,0.9995,12245.6
hyperliquid,@166,1754009986573000,1754009986974230,138032.13,0.99979,0.9995,12224.81
hyperliquid,@166,1754010004032000,1754010004594620,41.66,0.99978,0.9995,12224.81
hyperliquid,@166,1754010011243000,1754010011689507,141.66,0.99978,0.9995,12224.81
hyperliquid,@166,1754010016147000,1754010016457156,141.66,0.99978,0.9995,12204.02
hyperliquid,@166,1754010017238000,1754010017525737,41.66,0.99978,0.9995,12204.02
hyperliquid,@166,1754010038449000,1754010038784064,137250.18,0.99979,0.9995,12204.02
hyperliquid,@166,1754010039067000,1754010039585473,136882.76,0.99979,0.9995,12204.02
hyperliquid,@166,1754010046537000,1754010046820074,136882.76,0.99979,0.9995,12183.23
hyperliquid,@166,1754010048073000,1754010048664034,136059.01,0.99979,0.9995,12183.23
hyperliquid,@166,1754010057101000,1754010057477394,135959.01,0.99979,0.9995,12183.23
hyperliquid,@166,1754010066465000,1754010067025120,41.58,0.99978,0.9995,12183.23
hyperliquid,@166,1754010070690000,1754010070980566,141.58,0.99978,0.9995,12183.23
hyperliquid,@166,1754010072864000,1754010073207536,41.58,0.99978,0.9995,12183.23
hyperliquid,@166,1754010073901000,1754010074471671,135803.42,0.99979,0.9995,12183.23
hyperliquid,@166,1754010074468000,1754010074892010,135803.42,0.99979,0.9995,8730.03
hyperliquid,@166,1754010075619000,1754010075926315,135557.3,0.99979,0.9995,8730.03
hyperliquid,@166,1754010076332000,1754010076601437,135557.3,0.99979,0.9995,8709.24
hyperliquid,@166,1754010090908000,1754010091322028,135557.3,0.99979,0.9995,8613.05
hyperliquid,@166,1754010106349000,1754010106690897,135557.3,0.99979,0.9995,8592.25
hyperliquid,@166,1754010124085000,1754010124396442,3590.98,0.99978,0.9995,8592.25
hyperliquid,@166,1754010125743000,1754010126014219,3690.98,0.99978,0.9995,8592.25
hyperliquid,@166,1754010127584000,1754010127748656,3590.98,0.99978,0.9995,8592.25
hyperliquid,@166,1754010132874000,1754010133177819,1120.12,0.99978,0.9995,8592.25
hyperliquid,@166,1754010133433000,1754010133792078,1070.12,0.99978,0.9995,8592.25
hyperliquid,@166,1754010149141000,1754010149533649,864.15,0.99978,0.9995,8592.25
hyperliquid,@166,1754010154469000,1754010155040190,133330.15,0.99979,0.9995,8592.25
hyperliquid,@166,1754010155301000,1754010155553305,133124.1,0.99979,0.9995,8592.25
hyperliquid,@166,1754010159850000,1754010160229741,133124.1,0.99979,0.9995,8395.22
hyperliquid,@166,1754010161940000,1754010162248516,131845.2,0.99979,0.9995,8395.22
hyperliquid,@166,1754010164120000,1754010164483752,131291.77,0.99979,0.9995,8395.22
hyperliquid,@166,1754010174190000,1754010174474736,131291.77,0.99979,0.9995,5644.82
hyperliquid,@166,1754010184328000,1754010184634717,2947.54,0.99978,0.9995,5644.82
hyperliquid,@166,1754010185415000,1754010185808223,3047.54,0.99978,0.9995,5644.82
hyperliquid,@166,1754010186384000,1754010186743754,2947.54,0.99978,0.9995,5644.82
hyperliquid,@166,1754010199312000,1754010199571507,1577.41,0.99978,0.9995,5644.82
hyperliquid,@166,1754010204754000,1754010205000673,1577.41,0.99978,0.9994,22034.82
hyperliquid,@166,1754010206009000,1754010207263724,359,0.99974,0.99944,359
hyperliquid,@166,1754010208502000,1754010208853668,359,0.99974,0.99944,459
hyperliquid,@166,1754010210573000,1754010210812788,229.92,0.99974,0.99944,459
hyperliquid,@166,1754010227985000,1754010228298297,229.92,0.99974,0.99944,309.97
hyperliquid,@166,1754010230175000,1754010230516313,229.92,0.99974,0.99944,259.97
hyperliquid,@166,1754010242086000,1754010242564776,229.92,0.99974,0.99959,125075.11
hyperliquid,@166,1754010243718000,1754010244172223,229.92,0.99974,0.99959,125175.11
hyperliquid,@166,1754010245879000,1754010246286201,6863.27,0.99973,0.9996,8142.92
hyperliquid,@166,1754010248672000,1754010249058647,6863.27,0.99973,0.99961,8142.92
hyperliquid,@166,1754010249807000,1754010250096140,6863.27,0.99973,0.99962,8142.92
hyperliquid,@166,1754010250921000,1754010251317955,6863.27,0.99973,0.99963,8142.88
hyperliquid,@166,1754010279597000,1754010279795315,6539.52,0.99973,0.99963,8142.88
hyperliquid,@166,1754010280211000,1754010280589940,6451.79,0.99973,0.99963,8142.88
hyperliquid,@166,1754010283445000,1754010283736618,6040.3,0.99973,0.99963,8142.88
hyperliquid,@166,1754010299413000,1754010299827569,6040.3,0.99973,0.99963,8018.12
hyperliquid,@166,1754010307865000,1754010308216086,6040.3,0.99973,0.99963,7968.12
hyperliquid,@166,1754010311103000,1754010311684466,6040.3,0.99973,0.99963,7468.12
hyperliquid,@166,1754010313914000,1754010314368884,6040.3,0.99973,0.99963,6644.99
hyperliquid,@166,1754010314400000,1754010314847995,6040.3,0.99973,0.99963,4998.97
hyperliquid,@166,1754010315380000,1754010315753143,6040.3,0.99973,0.99963,2531.94
hyperliquid,@166,1754010317094000,1754010317506540,6040.3,0.99973,0.99959,123696.98
hyperliquid,@166,1754010318229000,1754010318632413,6040.3,0.99973,0.99964,698.4
hyperliquid,@166,1754010319320000,1754010319501516,6040.3,0.99973,0.99965,698.4
hyperliquid,@166,1754010319842000,1754010320114521,6040.3,0.99973,0.99966,698.38
hyperliquid,@166,1754010320905000,1754010321166652,5920.84,0.99973,0.99966,698.38
hyperliquid,@166,1754010324866000,1754010325425691,5920.84,0.99973,0.99966,287.21
hyperliquid,@166,1754010332979000,1754010333488083,5920.84,0.99973,0.99959,118745.25
hyperliquid,@166,1754010334143000,1754010334545918,5920.84,0.99973,0.99959,111157.88
hyperliquid,@166,1754010337434000,1754010337766256,5920.84,0.99973,0.99959,111075.74
hyperliquid,@166,1754010339556000,1754010339918392,5441.87,0.99973,0.99959,111075.74
hyperliquid,@166,1754010344449000,1754010344731773,5441.87,0.99973,0.99959,110870.42
hyperliquid,@166,1754010348993000,1754010349287648,5441.87,0.99973,0.99959,110460.01
hyperliquid,@166,1754010359902000,1754010360293438,5441.87,0.99973,0.99959,110445.01
hyperliquid,@166,1754010364999000,1754010365370766,5441.87,0.99973,0.9996,723.16
hyperliquid,@166,1754010365542000,1754010365865620,5441.87,0.99973,0.99961,723.16
hyperliquid,@166,1754010366611000,1754010367230575,5441.87,0.99973,0.99962,723.15
hyperliquid,@166,1754010368277000,1754010368535494,5029.74,0.99973,0.99962,723.15
hyperliquid,@166,1754010370461000,1754010370685144,5029.74,0.99973,0.99962,823.15
hyperliquid,@166,1754010381190000,1754010381581889,5029.74,0.99973,0.99959,109268.16
hyperliquid,@166,1754010390679000,1754010391023471,5029.74,0.99973,0.99959,108857.26
hyperliquid,@166,1754010392271000,1754010392629206,5029.74,0.99973,0.99959,108747.34
hyperliquid,@166,1754010401248000,1754010401465368,5029.74,0.99973,0.99959,108732.34
hyperliquid,@166,1754010407255000,1754010407711873,5029.74,0.99973,0.99959,107294.89
hyperliquid,@166,1754010408952000,1754010409205739,5029.74,0.99973,0.99959,107089.61
hyperliquid,@166,1754010411741000,1754010412060341,5029.74,0.99973,0.99959,106678.94
hyperliquid,@166,1754010414398000,1754010414644485,5029.74,0.99973,0.99959,105447.54
hyperliquid,@166,1754010417771000,1754010418020717,5029.74,0.99973,0.99959,104831.92
hyperliquid,@166,1754010418322000,1754010418515809,5029.74,0.99973,0.99959,103600.83
hyperliquid,@166,1754010419404000,1754010419621390,5029.74,0.99973,0.99959,103395.67
hyperliquid,@166,1754010422876000,1754010423368573,5029.74,0.99973,0.99959,101005.63
hyperliquid,@166,1754010424794000,1754010425202407,5029.74,0.99973,0.99959,99293.48
hyperliquid,@166,1754010426508000,1754010426863470,5029.74,0.99973,0.9996,371.09
hyperliquid,@166,1754010426960000,1754010427319793,5029.74,0.99973,0.99961,412.13
hyperliquid,@166,1754010428102000,1754010428524718,5029.74,0.99973,0.99962,412.13
